<?xml version="1.0" encoding="UTF-8"?>
<!DOCTYPE html PUBLIC "-//W3C//DTD XHTML 1.0 Transitional//EN"
    "http://www.w3.org/TR/xhtml1/DTD/xhtml1-transitional.dtd">
<html xmlns="http://www.w3.org/1999/xhtml" xml:lang="en" lang="en">
 <head>
  <title>
</title>
<meta http-equiv="Content-Type" content="text/html;charset=utf-8" />
  <meta name='ocr-system' content='tesseract 3.04.00' />
  <meta name='ocr-capabilities' content='ocr_page ocr_carea ocr_par ocr_line ocrx_word'/>
</head>
<body>
  <div class='ocr_page' id='page_1' title='image "./detemporumusupl01rodegoog_0031.png"; bbox 0 0 763 1177; ppageno 0'>
   <div class='ocr_carea' id='block_1_1' title="bbox 318 78 441 96">
    <p class='ocr_par' dir='ltr' id='par_1_1' title="bbox 318 78 441 96">
     <span class='ocr_line' id='line_1_1' title="bbox 318 78 441 96; baseline 0 -5"><span class='ocrx_word' id='word_1_1' title='bbox 318 78 441 96; x_wconf 65' lang='lat' dir='ltr'>-Y-</span> 
     </span>
    </p>
   </div>
   <div class='ocr_carea' id='block_1_2' title="bbox 94 118 659 343">
    <p class='ocr_par' dir='ltr' id='par_1_2' title="bbox 94 118 659 343">
     <span class='ocr_line' id='line_1_2' title="bbox 95 118 659 144; baseline 0.007 -9"><span class='ocrx_word' id='word_1_2' title='bbox 95 118 151 141; x_wconf 81' lang='lat' dir='ltr'>‚quud</span> <span class='ocrx_word' id='word_1_3' title='bbox 163 118 253 136; x_wconf 64' lang='lat' dir='ltr'>volebam*</span> <span class='ocrx_word' id='word_1_4' title='bbox 266 119 292 141; x_wconf 85' lang='lat'>(=</span> <span class='ocrx_word' id='word_1_5' title='bbox 301 119 359 141; x_wconf 76' lang='lat' dir='ltr'>meine</span> <span class='ocrx_word' id='word_1_6' title='bbox 367 119 448 142; x_wconf 72' lang='lat' dir='ltr'>Absicht)</span> <span class='ocrx_word' id='word_1_7' title='bbox 460 120 541 138; x_wconf 82' lang='lat' dir='ltr'>hocloco</span> <span class='ocrx_word' id='word_1_8' title='bbox 553 125 659 144; x_wconf 82' lang='lat' dir='ltr'>usurpatum</span> 
     </span>
     <span class='ocr_line' id='line_1_3' title="bbox 94 147 658 173; baseline 0.005 -9"><span class='ocrx_word' id='word_1_9' title='bbox 94 151 121 164; x_wconf 82' lang='lat' dir='ltr'>est</span> <span class='ocrx_word' id='word_1_10' title='bbox 132 152 186 169; x_wconf 86' lang='lat' dir='ltr'>quam</span> <span class='ocrx_word' id='word_1_11' title='bbox 199 147 216 164; x_wconf 91' lang='lat' dir='ltr'>in</span> <span class='ocrx_word' id='word_1_12' title='bbox 225 153 284 169; x_wconf 74' lang='lat' dir='ltr'>versu,</span> <span class='ocrx_word' id='word_1_13' title='bbox 293 153 346 170; x_wconf 88' lang='lat' dir='ltr'>quem</span> <span class='ocrx_word' id='word_1_14' title='bbox 354 148 429 171; x_wconf 83' lang='lat' dir='ltr'>exempli</span> <span class='ocrx_word' id='word_1_15' title='bbox 437 149 493 171; x_wconf 75' lang='lat' dir='ltr'>gratia</span> <span class='ocrx_word' id='word_1_16' title='bbox 501 149 561 171; x_wconf 74' lang='lat' dir='ltr'>affero,</span> <span class='ocrx_word' id='word_1_17' title='bbox 570 150 605 167; x_wconf 68' lang='lat' dir='ltr'>As.</span> <span class='ocrx_word' id='word_1_18' title='bbox 618 150 658 173; x_wconf 81' lang='lat'>392.</span> 
     </span>
     <span class='ocr_line' id='line_1_4' title="bbox 96 178 658 205; baseline 0.005 -9"><span class='ocrx_word' id='word_1_19' title='bbox 96 178 167 196; x_wconf 78' lang='lat' dir='ltr'>Licebat</span> <span class='ocrx_word' id='word_1_20' title='bbox 179 179 232 201; x_wconf 83' lang='lat' dir='ltr'>igitur</span> <span class='ocrx_word' id='word_1_21' title='bbox 244 184 305 202; x_wconf 75' lang='lat' dir='ltr'>poetae</span> <span class='ocrx_word' id='word_1_22' title='bbox 317 180 380 198; x_wconf 88' lang='lat' dir='ltr'>eodem</span> <span class='ocrx_word' id='word_1_23' title='bbox 398 180 435 198; x_wconf 81' lang='lat' dir='ltr'>iure</span> <span class='ocrx_word' id='word_1_24' title='bbox 451 180 518 198; x_wconf 80' lang='lat' dir='ltr'>dicere:</span> <span class='ocrx_word' id='word_1_25' title='bbox 535 181 591 205; x_wconf 83' lang='lat' dir='ltr'>‚quod</span> <span class='ocrx_word' id='word_1_26' title='bbox 609 182 658 199; x_wconf 58' lang='lat' dir='ltr'>volu*</span> 
     </span>
     <span class='ocr_line' id='line_1_5' title="bbox 94 207 658 232; baseline 0.007 -9"><span class='ocrx_word' id='word_1_27' title='bbox 94 207 122 224; x_wconf 92' lang='lat' dir='ltr'>vel</span> <span class='ocrx_word' id='word_1_28' title='bbox 134 207 190 230; x_wconf 78' lang='lat' dir='ltr'>,quud</span> <span class='ocrx_word' id='word_1_29' title='bbox 202 211 228 224; x_wconf 87' lang='lat' dir='ltr'>est</span> <span class='ocrx_word' id='word_1_30' title='bbox 240 213 300 225; x_wconf 85' lang='lat' dir='ltr'>meum</span> <span class='ocrx_word' id='word_1_31' title='bbox 312 208 421 226; x_wconf 83' lang='lat' dir='ltr'>consilium‘.</span> <span class='ocrx_word' id='word_1_32' title='bbox 435 208 502 227; x_wconf 78' lang='lat' dir='ltr'>Contra</span> <span class='ocrx_word' id='word_1_33' title='bbox 515 209 612 232; x_wconf 80' lang='lat' dir='ltr'>perfectum</span> <span class='ocrx_word' id='word_1_34' title='bbox 625 210 658 227; x_wconf 81' lang='lat' dir='ltr'>huc</span> 
     </span>
     <span class='ocr_line' id='line_1_6' title="bbox 95 235 658 260; baseline 0.005 -8"><span class='ocrx_word' id='word_1_35' title='bbox 95 235 134 252; x_wconf 87' lang='lat' dir='ltr'>loco</span> <span class='ocrx_word' id='word_1_36' title='bbox 146 239 172 252; x_wconf 82' lang='lat' dir='ltr'>est</span> <span class='ocrx_word' id='word_1_37' title='bbox 183 235 244 258; x_wconf 89' lang='lat' dir='ltr'>procul</span> <span class='ocrx_word' id='word_1_38' title='bbox 258 236 367 257; x_wconf 68' lang='lat' dir='ltr'>habendum,</span> <span class='ocrx_word' id='word_1_39' title='bbox 384 237 433 259; x_wconf 91' lang='lat' dir='ltr'>quod</span> <span class='ocrx_word' id='word_1_40' title='bbox 446 237 478 254; x_wconf 89' lang='lat' dir='ltr'>hoc</span> <span class='ocrx_word' id='word_1_41' title='bbox 491 237 565 260; x_wconf 76' lang='lat' dir='ltr'>quidem</span> <span class='ocrx_word' id='word_1_42' title='bbox 577 238 616 255; x_wconf 85' lang='lat' dir='ltr'>loco</span> <span class='ocrx_word' id='word_1_43' title='bbox 629 238 658 255; x_wconf 40' lang='lat' dir='ltr'>ali*</span> 
     </span>
     <span class='ocr_line' id='line_1_7' title="bbox 94 263 659 288; baseline 0.007 -8"><span class='ocrx_word' id='word_1_44' title='bbox 94 263 145 280; x_wconf 86' lang='lat' dir='ltr'>cuius</span> <span class='ocrx_word' id='word_1_45' title='bbox 157 264 243 281; x_wconf 82' lang='lat' dir='ltr'>momenti</span> <span class='ocrx_word' id='word_1_46' title='bbox 255 269 282 281; x_wconf 90' lang='lat' dir='ltr'>est</span> <span class='ocrx_word' id='word_1_47' title='bbox 294 269 314 282; x_wconf 84' lang='lat' dir='ltr'>ut</span> <span class='ocrx_word' id='word_1_48' title='bbox 326 265 359 282; x_wconf 77' lang='lat' dir='ltr'>hoc</span> <span class='ocrx_word' id='word_1_49' title='bbox 371 269 469 288; x_wconf 76' lang='lat' dir='ltr'>prematur,</span> <span class='ocrx_word' id='word_1_50' title='bbox 483 266 594 284; x_wconf 81' lang='lat' dir='ltr'>voluntatem</span> <span class='ocrx_word' id='word_1_51' title='bbox 606 267 659 284; x_wconf 85' lang='lat' dir='ltr'>etiam</span> 
     </span>
     <span class='ocr_line' id='line_1_8' title="bbox 94 291 659 315; baseline 0.007 -7"><span class='ocrx_word' id='word_1_52' title='bbox 94 291 113 308; x_wconf 94' lang='lat' dir='ltr'>in</span> <span class='ocrx_word' id='word_1_53' title='bbox 125 292 225 314; x_wconf 72' lang='lat' dir='ltr'>praesentia</span> <span class='ocrx_word' id='word_1_54' title='bbox 242 292 317 310; x_wconf 81' lang='lat' dir='ltr'>durare:</span> <span class='ocrx_word' id='word_1_55' title='bbox 333 298 378 315; x_wconf 79' lang='lat' dir='ltr'>quae</span> <span class='ocrx_word' id='word_1_56' title='bbox 395 293 470 311; x_wconf 84' lang='lat' dir='ltr'>minime</span> <span class='ocrx_word' id='word_1_57' title='bbox 482 298 508 311; x_wconf 85' lang='lat' dir='ltr'>est</span> <span class='ocrx_word' id='word_1_58' title='bbox 520 299 582 312; x_wconf 76' lang='lat' dir='ltr'>natura</span> <span class='ocrx_word' id='word_1_59' title='bbox 597 300 659 312; x_wconf 84' lang='lat' dir='ltr'>eorum</span> 
     </span>
     <span class='ocr_line' id='line_1_9' title="bbox 94 320 412 343; baseline 0.006 -6"><span class='ocrx_word' id='word_1_60' title='bbox 94 320 174 337; x_wconf 83' lang='lat' dir='ltr'>locorum</span> <span class='ocrx_word' id='word_1_61' title='bbox 187 320 219 343; x_wconf 87' lang='lat' dir='ltr'>qui</span> <span class='ocrx_word' id='word_1_62' title='bbox 232 321 328 343; x_wconf 77' lang='lat' dir='ltr'>perfectum</span> <span class='ocrx_word' id='word_1_63' title='bbox 341 322 412 339; x_wconf 76' lang='lat' dir='ltr'>habent.</span> 
     </span>
    </p>
   </div>
   <div class='ocr_carea' id='block_1_3' title="bbox 331 416 424 434">
    <p class='ocr_par' dir='ltr' id='par_1_3' title="bbox 331 416 424 434">
     <span class='ocr_line' id='line_1_10' title="bbox 331 416 424 434; baseline -0.011 0"><span class='ocrx_word' id='word_1_64' title='bbox 331 416 386 434; x_wconf 82' lang='lat' dir='ltr'>CAP.</span> <span class='ocrx_word' id='word_1_65' title='bbox 401 416 424 433; x_wconf 89' lang='lat'>11.</span> 
     </span>
    </p>
   </div>
   <div class='ocr_carea' id='block_1_4' title="bbox 221 478 503 512">
    <p class='ocr_par' dir='ltr' id='par_1_4' title="bbox 221 478 503 512">
     <span class='ocr_line' id='line_1_11' title="bbox 221 478 503 512; baseline 0.004 -6"><span class='ocrx_word' id='word_1_66' title='bbox 221 492 223 494; x_wconf 64' lang='grc'>’</span> <span class='ocrx_word' id='word_1_67' title='bbox 253 486 280 507; x_wconf 83' lang='lat' dir='ltr'>De</span> <span class='ocrx_word' id='word_1_68' title='bbox 295 478 503 512; x_wconf 73' lang='lat' dir='ltr'>Plusquauiperfecto.</span> 
     </span>
    </p>
   </div>
   <div class='ocr_carea' id='block_1_5' title="bbox 91 549 658 1085">
    <p class='ocr_par' dir='ltr' id='par_1_5' title="bbox 91 549 658 1085">
     <span class='ocr_line' id='line_1_12' title="bbox 140 549 657 572; baseline 0 -6"><span class='ocrx_word' id='word_1_69' title='bbox 140 549 338 572; x_wconf 79' lang='lat' dir='ltr'>Plusquamperl&#39;ectum</span> <span class='ocrx_word' id='word_1_70' title='bbox 357 550 447 572; x_wconf 78' lang='lat' dir='ltr'>primitus,</span> <span class='ocrx_word' id='word_1_71' title='bbox 465 549 483 567; x_wconf 90' lang='lat' dir='ltr'>id</span> <span class='ocrx_word' id='word_1_72' title='bbox 500 549 548 572; x_wconf 83' lang='lat' dir='ltr'>quod</span> <span class='ocrx_word' id='word_1_73' title='bbox 561 549 588 566; x_wconf 93' lang='lat' dir='ltr'>vel</span> <span class='ocrx_word' id='word_1_74' title='bbox 601 549 657 567; x_wconf 80' lang='lat' dir='ltr'>forma</span> 
     </span>
     <span class='ocr_line' id='line_1_13' title="bbox 94 575 658 601; baseline 0 -6"><span class='ocrx_word' id='word_1_75' title='bbox 94 575 250 599; x_wconf 71' lang='lat' dir='ltr'>eius&#39;declararur‚</span> <span class='ocrx_word' id='word_1_76' title='bbox 263 582 301 595; x_wconf 81' lang='lat' dir='ltr'>erat</span> <span class='ocrx_word' id='word_1_77' title='bbox 317 578 367 601; x_wconf 82' lang='lat' dir='ltr'>quasi</span> <span class='ocrx_word' id='word_1_78' title='bbox 385 578 508 601; x_wconf 83' lang='lat' dir='ltr'>imperfectum</span> <span class='ocrx_word' id='word_1_79' title='bbox 520 577 568 601; x_wconf 86' lang='lat' dir='ltr'>quod</span> <span class='ocrx_word' id='word_1_80' title='bbox 585 577 658 600; x_wconf 87' lang='lat' dir='ltr'>quidem</span> 
     </span>
     <span class='ocr_line' id='line_1_14' title="bbox 94 606 658 630; baseline 0.002 -7"><span class='ocrx_word' id='word_1_81' title='bbox 94 606 190 629; x_wconf 81' lang='lat' dir='ltr'>pertineret</span> <span class='ocrx_word' id='word_1_82' title='bbox 202 607 223 624; x_wconf 82' lang='lat' dir='ltr'>ad</span> <span class='ocrx_word' id='word_1_83' title='bbox 237 606 333 629; x_wconf 79' lang='lat' dir='ltr'>perfectum</span> <span class='ocrx_word' id='word_1_84' title='bbox 346 607 430 630; x_wconf 76' lang='lat' dir='ltr'>logicum.</span> <span class='ocrx_word' id='word_1_85' title='bbox 443 612 485 624; x_wconf 87' lang='lat' dir='ltr'>cum</span> <span class='ocrx_word' id='word_1_86' title='bbox 497 607 542 624; x_wconf 86' lang='lat' dir='ltr'>illud</span> <span class='ocrx_word' id='word_1_87' title='bbox 554 606 603 629; x_wconf 84' lang='lat' dir='ltr'>quod</span> <span class='ocrx_word' id='word_1_88' title='bbox 617 612 658 629; x_wconf 87' lang='lat' dir='ltr'>pro-</span> 
     </span>
     <span class='ocr_line' id='line_1_15' title="bbox 94 634 658 658; baseline 0 -6"><span class='ocrx_word' id='word_1_89' title='bbox 94 634 132 656; x_wconf 86' lang='lat' dir='ltr'>prie</span> <span class='ocrx_word' id='word_1_90' title='bbox 144 635 209 652; x_wconf 85' lang='lat' dir='ltr'>dicitur</span> <span class='ocrx_word' id='word_1_91' title='bbox 221 635 343 658; x_wconf 74' lang='lat' dir='ltr'>imperfectum</span> <span class='ocrx_word' id='word_1_92' title='bbox 356 640 421 658; x_wconf 82' lang='lat' dir='ltr'>spectet</span> <span class='ocrx_word' id='word_1_93' title='bbox 438 636 461 653; x_wconf 79' lang='lat' dir='ltr'>ad</span> <span class='ocrx_word' id='word_1_94' title='bbox 473 641 562 658; x_wconf 79' lang='lat' dir='ltr'>praesens.</span> <span class='ocrx_word' id='word_1_95' title='bbox 579 635 614 653; x_wconf 89' lang='lat' dir='ltr'>Sed</span> <span class='ocrx_word' id='word_1_96' title='bbox 629 635 658 653; x_wconf 87' lang='lat' dir='ltr'>vix</span> 
     </span>
     <span class='ocr_line' id='line_1_16' title="bbox 94 663 658 687; baseline 0.002 -7"><span class='ocrx_word' id='word_1_97' title='bbox 94 667 161 680; x_wconf 88' lang='lat' dir='ltr'>certum</span> <span class='ocrx_word' id='word_1_98' title='bbox 174 663 227 681; x_wconf 86' lang='lat' dir='ltr'>huius</span> <span class='ocrx_word' id='word_1_99' title='bbox 244 664 312 687; x_wconf 77' lang='lat' dir='ltr'>generis</span> <span class='ocrx_word' id='word_1_100' title='bbox 324 664 374 687; x_wconf 87' lang='lat' dir='ltr'>quod</span> <span class='ocrx_word' id='word_1_101' title='bbox 387 664 441 681; x_wconf 90' lang='lat' dir='ltr'>modo</span> <span class='ocrx_word' id='word_1_102' title='bbox 457 663 583 686; x_wconf 75' lang='lat' dir='ltr'>descripsimus</span> <span class='ocrx_word' id='word_1_103' title='bbox 599 669 658 681; x_wconf 83' lang='lat' dir='ltr'>exem-</span> 
     </span>
     <span class='ocr_line' id='line_1_17' title="bbox 92 691 657 715; baseline 0.004 -7"><span class='ocrx_word' id='word_1_104' title='bbox 92 691 143 713; x_wconf 91' lang='lat' dir='ltr'>plum</span> <span class='ocrx_word' id='word_1_105' title='bbox 155 691 221 709; x_wconf 85' lang='lat' dir='ltr'>inveni.</span> <span class='ocrx_word' id='word_1_106' title='bbox 236 692 343 715; x_wconf 80' lang='lat' dir='ltr'>Saepissime</span> <span class='ocrx_word' id='word_1_107' title='bbox 356 692 405 710; x_wconf 87' lang='lat' dir='ltr'>enim</span> <span class='ocrx_word' id='word_1_108' title='bbox 416 692 510 710; x_wconf 79' lang='lat' dir='ltr'>adhibetur</span> <span class='ocrx_word' id='word_1_109' title='bbox 519 691 544 709; x_wconf 76' lang='lat' dir='ltr'>sic</span> <span class='ocrx_word' id='word_1_110' title='bbox 552 692 657 714; x_wconf 80' lang='lat' dir='ltr'>plusquam-</span> 
     </span>
     <span class='ocr_line' id='line_1_18' title="bbox 91 719 656 743; baseline 0 -6"><span class='ocrx_word' id='word_1_111' title='bbox 91 719 190 742; x_wconf 82' lang='lat' dir='ltr'>perfectum</span> <span class='ocrx_word' id='word_1_112' title='bbox 205 725 225 738; x_wconf 84' lang='lat' dir='ltr'>ut</span> <span class='ocrx_word' id='word_1_113' title='bbox 240 720 325 743; x_wconf 74' lang='lat' dir='ltr'>significet</span> <span class='ocrx_word' id='word_1_114' title='bbox 340 721 418 743; x_wconf 77' lang='lat' dir='ltr'>aliquam</span> <span class='ocrx_word' id='word_1_115' title='bbox 437 720 524 738; x_wconf 77' lang='lat' dir='ltr'>actionem</span> <span class='ocrx_word' id='word_1_116' title='bbox 543 724 583 737; x_wconf 80' lang='lat' dir='ltr'>ante</span> <span class='ocrx_word' id='word_1_117' title='bbox 602 720 656 737; x_wconf 80' lang='lat' dir='ltr'>aliam</span> 
     </span>
     <span class='ocr_line' id='line_1_19' title="bbox 91 748 658 772; baseline 0 -6"><span class='ocrx_word' id='word_1_118' title='bbox 91 749 204 772; x_wconf 80' lang='lat' dir='ltr'>praeteritam</span> <span class='ocrx_word' id='word_1_119' title='bbox 221 755 258 766; x_wconf 78' lang='lat' dir='ltr'>esse</span> <span class='ocrx_word' id='word_1_120' title='bbox 274 749 337 766; x_wconf 79' lang='lat' dir='ltr'>factam</span> <span class='ocrx_word' id='word_1_121' title='bbox 351 749 494 772; x_wconf 78' lang='lat' dir='ltr'>absolutamque.</span> <span class='ocrx_word' id='word_1_122' title='bbox 508 748 592 766; x_wconf 73' lang='lat' dir='ltr'>Refertur</span> <span class='ocrx_word' id='word_1_123' title='bbox 604 748 658 771; x_wconf 83' lang='lat' dir='ltr'>igitur</span> 
     </span>
     <span class='ocr_line' id='line_1_20' title="bbox 91 776 657 801; baseline -0.002 -6"><span class='ocrx_word' id='word_1_124' title='bbox 91 777 114 794; x_wconf 82' lang='lat' dir='ltr'>ad</span> <span class='ocrx_word' id='word_1_125' title='bbox 122 777 170 795; x_wconf 78' lang='lat' dir='ltr'>aliud</span> <span class='ocrx_word' id='word_1_126' title='bbox 179 781 250 800; x_wconf 90' lang='lat' dir='ltr'>tempus</span> <span class='ocrx_word' id='word_1_127' title='bbox 263 778 385 801; x_wconf 82' lang='lat' dir='ltr'>praeteritum,</span> <span class='ocrx_word' id='word_1_128' title='bbox 394 778 442 795; x_wconf 88' lang='lat' dir='ltr'>unde</span> <span class='ocrx_word' id='word_1_129' title='bbox 451 781 497 795; x_wconf 87' lang='lat' dir='ltr'>recte</span> <span class='ocrx_word' id='word_1_130' title='bbox 506 776 592 800; x_wconf 80' lang='lat' dir='ltr'>appellari</span> <span class='ocrx_word' id='word_1_131' title='bbox 600 781 657 800; x_wconf 83' lang='lat' dir='ltr'>potest</span> 
     </span>
     <span class='ocr_line' id='line_1_21' title="bbox 91 806 656 829; baseline 0 -6"><span class='ocrx_word' id='word_1_132' title='bbox 91 810 162 829; x_wconf 83' lang='lat' dir='ltr'>tempus</span> <span class='ocrx_word' id='word_1_133' title='bbox 177 806 277 824; x_wconf 79' lang='lat' dir='ltr'>relativum.</span> <span class='ocrx_word' id='word_1_134' title='bbox 290 807 350 829; x_wconf 81' lang='lat' dir='ltr'>Atque</span> <span class='ocrx_word' id='word_1_135' title='bbox 363 807 396 823; x_wconf 92' lang='lat' dir='ltr'>hoc</span> <span class='ocrx_word' id='word_1_136' title='bbox 408 806 482 829; x_wconf 90' lang='lat' dir='ltr'>quidem</span> <span class='ocrx_word' id='word_1_137' title='bbox 494 806 512 823; x_wconf 93' lang='lat' dir='ltr'>in</span> <span class='ocrx_word' id='word_1_138' title='bbox 526 811 589 829; x_wconf 81' lang='lat' dir='ltr'>genere</span> <span class='ocrx_word' id='word_1_139' title='bbox 601 811 656 828; x_wconf 85' lang='lat' dir='ltr'>quae-</span> 
     </span>
     <span class='ocr_line' id='line_1_22' title="bbox 91 833 657 857; baseline -0.002 -5"><span class='ocrx_word' id='word_1_140' title='bbox 91 834 133 852; x_wconf 82' lang='lat' dir='ltr'>dam</span> <span class='ocrx_word' id='word_1_141' title='bbox 149 835 265 857; x_wconf 72' lang='lat' dir='ltr'>proprietates</span> <span class='ocrx_word' id='word_1_142' title='bbox 280 839 355 857; x_wconf 87' lang='lat' dir='ltr'>possunt</span> <span class='ocrx_word' id='word_1_143' title='bbox 370 834 485 857; x_wconf 85' lang='lat' dir='ltr'>deprehendi.</span> <span class='ocrx_word' id='word_1_144' title='bbox 499 833 546 852; x_wconf 75' lang='lat' dir='ltr'>Satis</span> <span class='ocrx_word' id='word_1_145' title='bbox 558 834 619 851; x_wconf 84' lang='lat' dir='ltr'>creber</span> <span class='ocrx_word' id='word_1_146' title='bbox 631 838 657 851; x_wconf 90' lang='lat' dir='ltr'>est</span> 
     </span>
     <span class='ocr_line' id='line_1_23' title="bbox 91 862 656 886; baseline -0.002 -6"><span class='ocrx_word' id='word_1_147' title='bbox 91 863 120 881; x_wconf 93' lang='lat' dir='ltr'>ille</span> <span class='ocrx_word' id='word_1_148' title='bbox 136 869 178 881; x_wconf 91' lang='lat' dir='ltr'>usus</span> <span class='ocrx_word' id='word_1_149' title='bbox 191 863 208 881; x_wconf 92' lang='lat' dir='ltr'>in</span> <span class='ocrx_word' id='word_1_150' title='bbox 216 863 311 881; x_wconf 75' lang='lat' dir='ltr'>enuntiatis</span> <span class='ocrx_word' id='word_1_151' title='bbox 319 863 416 886; x_wconf 72' lang='lat' dir='ltr'>primariis,</span> <span class='ocrx_word' id='word_1_152' title='bbox 430 867 449 880; x_wconf 83' lang='lat' dir='ltr'>ut</span> <span class='ocrx_word' id='word_1_153' title='bbox 461 862 656 885; x_wconf 73' lang='lat' dir='ltr'>plusquamperfectum</span> 
     </span>
     <span class='ocr_line' id='line_1_24' title="bbox 91 891 653 915; baseline -0.004 -6"><span class='ocrx_word' id='word_1_154' title='bbox 91 891 169 914; x_wconf 82' lang='lat' dir='ltr'>perfecto</span> <span class='ocrx_word' id='word_1_155' title='bbox 183 892 205 909; x_wconf 81' lang='lat' dir='ltr'>ad</span> <span class='ocrx_word' id='word_1_156' title='bbox 224 892 273 915; x_wconf 89' lang='lat' dir='ltr'>quod</span> <span class='ocrx_word' id='word_1_157' title='bbox 289 891 365 914; x_wconf 82' lang='lat' dir='ltr'>pertinet</span> <span class='ocrx_word' id='word_1_158' title='bbox 382 891 469 909; x_wconf 78' lang='lat' dir='ltr'>succedat.</span> <span class='ocrx_word' id='word_1_159' title='bbox 486 891 539 908; x_wconf 91' lang='lat' dir='ltr'>Velut</span> <span class='ocrx_word' id='word_1_160' title='bbox 556 891 591 908; x_wconf 74' lang='lat' dir='ltr'>As.</span> <span class='ocrx_word' id='word_1_161' title='bbox 605 896 653 913; x_wconf 81' lang='lat'>449:</span> 
     </span>
     <span class='ocr_line' id='line_1_25' title="bbox 92 919 656 942; baseline 0 -5"><span class='ocrx_word' id='word_1_162' title='bbox 92 919 217 942; x_wconf 82' lang='lat' dir='ltr'>Quamdudum</span> <span class='ocrx_word' id='word_1_163' title='bbox 230 923 249 937; x_wconf 82' lang='lat' dir='ltr'>tu</span> <span class='ocrx_word' id='word_1_164' title='bbox 260 919 365 937; x_wconf 73' lang='lat' dir='ltr'>advenisti?</span> <span class='ocrx_word' id='word_1_165' title='bbox 377 920 418 937; x_wconf 86' lang='lat' dir='ltr'>Non</span> <span class='ocrx_word' id='word_1_166' title='bbox 430 919 487 937; x_wconf 81' lang='lat' dir='ltr'>hercle</span> <span class='ocrx_word' id='word_1_167' title='bbox 503 922 520 937; x_wconf 81' lang='lat' dir='ltr'>te</span> <span class='ocrx_word' id='word_1_168' title='bbox 532 919 656 942; x_wconf 76' lang='lat' dir='ltr'>provideram.</span> 
     </span>
     <span class='ocr_line' id='line_1_26' title="bbox 92 948 656 972; baseline -0.002 -6"><span class='ocrx_word' id='word_1_169' title='bbox 92 949 118 966; x_wconf 80' lang='lat' dir='ltr'>Ea</span> <span class='ocrx_word' id='word_1_170' title='bbox 135 948 188 971; x_wconf 80' lang='lat' dir='ltr'>igitur</span> <span class='ocrx_word' id='word_1_171' title='bbox 204 954 249 972; x_wconf 83' lang='lat' dir='ltr'>quae</span> <span class='ocrx_word' id='word_1_172' title='bbox 265 949 314 972; x_wconf 88' lang='lat' dir='ltr'>prius</span> <span class='ocrx_word' id='word_1_173' title='bbox 329 949 373 966; x_wconf 78' lang='lat' dir='ltr'>facta</span> <span class='ocrx_word' id='word_1_174' title='bbox 391 953 432 965; x_wconf 86' lang='lat' dir='ltr'>sunt</span> <span class='ocrx_word' id='word_1_175' title='bbox 446 948 542 971; x_wconf 84' lang='lat' dir='ltr'>posteriore</span> <span class='ocrx_word' id='word_1_176' title='bbox 561 948 600 965; x_wconf 87' lang='lat' dir='ltr'>loco</span> <span class='ocrx_word' id='word_1_177' title='bbox 616 953 656 965; x_wconf 81' lang='lat' dir='ltr'>nar-</span> 
     </span>
     <span class='ocr_line' id='line_1_27' title="bbox 92 976 657 1000; baseline -0.002 -5"><span class='ocrx_word' id='word_1_178' title='bbox 92 981 160 994; x_wconf 77' lang='lat' dir='ltr'>rantur.</span> <span class='ocrx_word' id='word_1_179' title='bbox 178 977 230 1000; x_wconf 80' lang='lat' dir='ltr'>Quac</span> <span class='ocrx_word' id='word_1_180' title='bbox 244 977 334 1000; x_wconf 75' lang='lat' dir='ltr'>perversio</span> <span class='ocrx_word' id='word_1_181' title='bbox 349 983 391 995; x_wconf 91' lang='lat' dir='ltr'>cum</span> <span class='ocrx_word' id='word_1_182' title='bbox 403 983 435 1000; x_wconf 88' lang='lat' dir='ltr'>per</span> <span class='ocrx_word' id='word_1_183' title='bbox 447 983 466 994; x_wconf 86' lang='lat' dir='ltr'>se</span> <span class='ocrx_word' id='word_1_184' title='bbox 481 977 519 1000; x_wconf 85' lang='lat' dir='ltr'>ipsa</span> <span class='ocrx_word' id='word_1_185' title='bbox 530 976 610 999; x_wconf 81' lang='lat' dir='ltr'>arguitur</span> <span class='ocrx_word' id='word_1_186' title='bbox 620 982 657 994; x_wconf 87' lang='lat' dir='ltr'>esse</span> 
     </span>
     <span class='ocr_line' id='line_1_28' title="bbox 92 1005 657 1029; baseline -0.002 -6"><span class='ocrx_word' id='word_1_187' title='bbox 92 1005 181 1023; x_wconf 83' lang='lat' dir='ltr'>sermonis</span> <span class='ocrx_word' id='word_1_188' title='bbox 197 1005 267 1026; x_wconf 76' lang='lat' dir='ltr'>laxioris</span> <span class='ocrx_word' id='word_1_189' title='bbox 284 1006 385 1029; x_wconf 83' lang='lat' dir='ltr'>dialogique</span> <span class='ocrx_word' id='word_1_190' title='bbox 399 1010 472 1023; x_wconf 77' lang='lat' dir='ltr'>naturae</span> <span class='ocrx_word' id='word_1_191' title='bbox 492 1005 552 1023; x_wconf 86' lang='lat' dir='ltr'>deberi</span> <span class='ocrx_word' id='word_1_192' title='bbox 570 1009 609 1022; x_wconf 85' lang='lat' dir='ltr'>turn</span> <span class='ocrx_word' id='word_1_193' title='bbox 629 1010 657 1026; x_wconf 73' lang='lat' dir='ltr'>eo,</span> 
     </span>
     <span class='ocr_line' id='line_1_29' title="bbox 93 1033 657 1057; baseline -0.002 -6"><span class='ocrx_word' id='word_1_194' title='bbox 93 1034 142 1056; x_wconf 82' lang='lat' dir='ltr'>quod</span> <span class='ocrx_word' id='word_1_195' title='bbox 161 1034 208 1056; x_wconf 84' lang='lat' dir='ltr'>apud</span> <span class='ocrx_word' id='word_1_196' title='bbox 228 1039 258 1051; x_wconf 82' lang='lat' dir='ltr'>eos</span> <span class='ocrx_word' id='word_1_197' title='bbox 277 1034 370 1057; x_wconf 76' lang='lat' dir='ltr'>scriptores</span> <span class='ocrx_word' id='word_1_198' title='bbox 386 1034 417 1056; x_wconf 92' lang='lat' dir='ltr'>qui</span> <span class='ocrx_word' id='word_1_199' title='bbox 436 1038 488 1051; x_wconf 81' lang='lat' dir='ltr'>testes</span> <span class='ocrx_word' id='word_1_200' title='bbox 508 1038 550 1051; x_wconf 86' lang='lat' dir='ltr'>sunt</span> <span class='ocrx_word' id='word_1_201' title='bbox 570 1033 657 1051; x_wconf 87' lang='lat' dir='ltr'>sermonis</span> 
     </span>
     <span class='ocr_line' id='line_1_30' title="bbox 93 1062 656 1085; baseline 0 -6"><span class='ocrx_word' id='word_1_202' title='bbox 93 1062 177 1079; x_wconf 82' lang='lat' dir='ltr'>cotidiani</span> <span class='ocrx_word' id='word_1_203' title='bbox 198 1062 312 1085; x_wconf 85' lang='lat' dir='ltr'>potissimum</span> <span class='ocrx_word' id='word_1_204' title='bbox 335 1062 432 1083; x_wconf 73' lang='lat' dir='ltr'>invenitur,</span> <span class='ocrx_word' id='word_1_205' title='bbox 452 1062 509 1080; x_wconf 80' lang='lat' dir='ltr'>rarius</span> <span class='ocrx_word' id='word_1_206' title='bbox 529 1066 588 1079; x_wconf 81' lang='lat' dir='ltr'>autem</span> <span class='ocrx_word' id='word_1_207' title='bbox 609 1062 656 1084; x_wconf 80' lang='lat' dir='ltr'>apud</span> 
     </span>
    </p>
   </div>
  </div>
 </body>
</html>
