763 1177
323 83 348 87 -
374 73 446 91 10-—

101 115 128 132 ιιὶ
138 116 200 139 mmm
211 113 274 137 τοιάδε).
290 115 332 138 Qua
347 116 369 133 de
384 121 437 133 causa
449 116 531 133 nonnulli
542 116 613 133 adducti
625 119 669 133 sunt

102 149 121 161 ut
137 144 261 167 imperfectum
278 144 361 167 primitus
378 148 449 166 tempus
470 144 576 162 narrationis
592 144 668 161 omnino

101 172 155 190 fuisse
174 173 290 190 statuerent.¹
311 172 346 191 Sed
367 178 441 195 quoquo
457 173 513 190 modo
529 178 558 190 res
576 178 594 190 se
606 172 666 193 habet,

102 201 146 218 illud
164 201 277 224 cognoscitur
292 201 377 219 Plautum
394 207 447 218 usum
464 201 515 219 illurn
534 207 567 224 per
578 207 596 218 se
614 200 668 218 latius

101 234 190 252 patentem
203 230 262 247 minus
270 230 362 247 adamasse
371 235 426 253 quarn
434 230 479 247 alios
487 229 588 252 scriptores.
602 230 667 252 Neque

101 258 135 275 erit
146 258 211 276 falsum
224 258 257 276 hec
268 264 289 276 ex
301 258 368 276 ratione
380 258 507 281 proprietatem
515 258 604 276 sermonis
612 258 668 275 Plau-

102 286 134 303 tini
147 290 234 308 statuere3
248 292 290 304 nem
302 286 411 309 imperfectis
423 287 456 304 hoc
467 286 540 309 quidem
548 286 603 303 modo
615 292 668 303 usur-
684 285 686 287 ’

101 314 147 337 petis
166 314 247 336 efficitur,
273 319 292 332 ut
316 315 366 337 quasi
390 314 460 332 tardius
483 319 536 338 atque
555 314 667 332 cunctantius

101 338 184 360 narratio,
191 344 286 366 procedere
298 343 379 361 videatur
395 344 424 366 (cs.
437 344 466 361 Te
472 349 486 361 r,
500 343 572 361 Andr.
585 343 667 366 89—92;

102 372 158 390 Eun.
178 373 280 394 111—113;
300 373 395 390 Phorm.
417 373 466 396 595)²
487 373 504 390 id
524 373 574 395 quod
593 372 668 390 minime

101 401 184 418 convenit
196 401 214 418 in
227 401 331 418 Plautinum
343 401 413 418 dicendi
426 406 487 424 genus.
502 401 609 424 Properatio
618 401 668 418 enim

101 429 188 452 quaedam
205 427 251 447 inest
268 430 285 447 in
303 429 378 453 dialogis
396 429 485 447 Plautinis
504 435 550 452 quae
569 429 627 452 qualis
645 429 668 446 sit

101 458 147 475 infra
159 458 211 475 nobis
223 458 321 476 accuratius
336 458 470 481 identidemque
481 458 541 476 licebit
552 463 666 481 cognoscere⁴

102 486 223 509 comparandi
238 492 292 504 causa
308 487 362 504 affero
379 487 476 510 praesentis
493 492 546 504 usum
561 486 592 509 qui
609 492 669 509 quan-

102 520 156 537 quam
175 515 197 532 ad
217 515 292 532 eandem
308 515 396 532 rationem
415 519 487 538 spectat,
505 519 565 532 tamen
584 520 625 532 cum
645 514 668 531 sit

101 543 206 560 excitatioris
223 543 293 566 generis
310 543 379 561 dicendi
396 544 443 566 apud
460 543 544 561 Plautum
559 547 586 560 est
598 543 668 560 creber-

102 572 164 589 rimus.
178 571 287 595 Saepissime
298 572 347 589 enim
360 572 377 589 in
390 572 478 593 diverbio,
491 572 505 589 si
518 572 557 595 quis
570 572 613 595 quid
624 571 668 589 dixit

101 601 129 617 vel
144 600 192 621 fecit,
209 600 247 623 ipse
259 601 286 618 vel
299 600 344 618 alius
356 601 378 618 de
392 601 424 618 hac
437 600 475 623 ipsa
487 606 512 621 re,
525 605 628 623 quanquam
641 604 668 618 est

102 628 202 651 praeterita,
221 634 305 651 praesens
324 634 404 652 usurpat.
429 629 455 646 Ex
473 633 571 651 permagno
591 634 668 646 numero

101 657 225 679 exemplorum
242 657 317 674 sufficiet
333 663 389 680 pauca
404 657 473 674 afferre.
493 657 558 674 Trin.
580 657 614 674 80:
634 657 666 674 M:

102 684 142 707 Qua
155 685 246 708 propter?
260 685 284 703 C:
294 685 371 708 Rogas?
384 686 443 703 Ibid.
459 691 501 708 192:
513 686 541 703 C.-
553 686 586 703 Fit
598 685 666 703 sedulo.

101 713 134 730 M:
142 713 177 731 Sed
184 712 278 736 quiduis?
288 714 348 731 Ibid.
357 714 402 737 989.-
415 714 440 731 S:
453 713 508 731 Enim
521 719 563 731 vero
573 719 614 731 sero
625 719 668 736 quo-

102 741 150 759 niam
162 742 195 759 huc
204 742 282 762 advenis,
294 742 390 765 Vapulabis
397 747 434 759 meo
442 742 550 759 arbitratud
557 745 574 759 et
581 747 668 759 novor-um
697 762 699 764 ,

101 770 193 788 aedilium.
210 771 248 788 Ch:
263 771 289 788 At
301 773 354 788 enam
366 770 476 788 maledicis?
488 770 548 788 Ibid,
565 771 619 788 1062:
634 770 668 787 St:

101 799 130 816 Da
145 804 228 822 magnum
248 799 319 816 malum.
338 799 376 816 Ch:
395 799 441 817 Bene
457 805 521 816 mones.
537 799 605 822 Amph.
623 799 666 816 536:

100 827 122 844 J:
136 827 178 844 Tibi
186 827 270 845 condono.
279 828 306 845 A:
314 827 368 844 Facis
375 830 396 845 ut
403 827 451 845 alias
459 833 488 844 res
495 827 547 844 soles.
557 827 613 845 Ibid.
622 827 667 844 561:

101 855 232 873 Scelestissume
251 856 305 873 audes
320 856 365 873 mihi
377 856 487 879 praedicare
502 855 521 873 id
536 855 585 873 domi
600 858 617 873 te
631 860 669 873 esse

101 889 152 905 nunc,
167 884 198 907 qui
212 884 241 902 hic
255 884 303 902 ades.
319 885 344 902 S:
362 884 408 902 Vera
424 884 470 902 dico.
490 884 545 907 Quod
558 890 613 907 genus
625 889 667 905 qum

101 918 121 929 ex
137 917 186 934 parte
203 913 275 935 quidem
295 913 353 930 simile
365 913 389 930 sit
400 913 488 936 praesenti
503 913 594 934 historico,
607 917 666 930 tamen

101 945 169 958 certum
185 941 279 959 discrimen
294 942 391 959 intercedit.
408 941 442 959 Vix
454 941 503 959 enim
516 947 599 964 praesens
611 941 667 958 histo-

101 969 158 986 ricum
171 969 198 987 hic
211 970 246 987 illic
259 970 355 991 invenitur,
371 970 401 988 sed
419 975 490 992 semper
501 975 532 993 per
544 974 612 993 partem
626 975 672 987 nar->

136 1040 142 1050 ¹
152 1039 175 1053 Cf,
182 1039 262 1056 J.Mu11er.
274 1039 334 1054 Handb.
345 1039 359 1054 d.
369 1039 412 1054 class.
423 1039 525 1053 Altertumsw.
536 1039 565 1053 vol.
579 1038 597 1055 11.
608 1043 622 1057 p.
633 1043 665 1056 roo,

103 1066 135 1077 100.
488 1070 490 1072 -
