<?xml version="1.0" encoding="UTF-8"?>
<!DOCTYPE html PUBLIC "-//W3C//DTD XHTML 1.0 Transitional//EN"
    "http://www.w3.org/TR/xhtml1/DTD/xhtml1-transitional.dtd">
<html xmlns="http://www.w3.org/1999/xhtml" xml:lang="en" lang="en">
 <head>
  <title>
</title>
<meta http-equiv="Content-Type" content="text/html;charset=utf-8" />
  <meta name='ocr-system' content='tesseract 3.04.00' />
  <meta name='ocr-capabilities' content='ocr_page ocr_carea ocr_par ocr_line ocrx_word'/>
</head>
<body>
  <div class='ocr_page' id='page_1' title='image "./detemporumusupl01rodegoog_0042.png"; bbox 0 0 763 1177; ppageno 0'>
   <div class='ocr_carea' id='block_1_1' title="bbox 323 72 446 90">
    <p class='ocr_par' dir='ltr' id='par_1_1' title="bbox 323 72 446 90">
     <span class='ocr_line' id='line_1_1' title="bbox 323 72 446 90; baseline -0.008 -4"><span class='ocrx_word' id='word_1_1' title='bbox 323 72 446 90; x_wconf 65' lang='lat'><strong>-38-</strong></span> 
     </span>
    </p>
   </div>
   <div class='ocr_carea' id='block_1_2' title="bbox 96 113 668 992">
    <p class='ocr_par' dir='ltr' id='par_1_2' title="bbox 97 113 668 820">
     <span class='ocr_line' id='line_1_2' title="bbox 101 113 664 137; baseline 0 -6"><span class='ocrx_word' id='word_1_2' title='bbox 101 119 142 131; x_wconf 87' lang='lat' dir='ltr'>cum</span> <span class='ocrx_word' id='word_1_3' title='bbox 155 114 291 137; x_wconf 77' lang='lat' dir='ltr'>Wesrphalius¹</span> <span class='ocrx_word' id='word_1_4' title='bbox 309 114 380 137; x_wconf 74' lang='lat' dir='ltr'>copiose</span> <span class='ocrx_word' id='word_1_5' title='bbox 396 114 506 135; x_wconf 79' lang='lat' dir='ltr'>disseruerit,</span> <span class='ocrx_word' id='word_1_6' title='bbox 519 114 561 132; x_wconf 83' lang='lat' dir='ltr'>haec</span> <span class='ocrx_word' id='word_1_7' title='bbox 572 117 614 131; x_wconf 77' lang='lat' dir='ltr'>cura</span> <span class='ocrx_word' id='word_1_8' title='bbox 628 113 664 131; x_wconf 82' lang='lat' dir='ltr'>iam</span> 
     </span>
     <span class='ocr_line' id='line_1_3' title="bbox 102 141 668 166; baseline 0 -6"><span class='ocrx_word' id='word_1_9' title='bbox 102 143 123 160; x_wconf 72' lang='lat' dir='ltr'>ad</span> <span class='ocrx_word' id='word_1_10' title='bbox 140 148 220 160; x_wconf 78' lang='lat' dir='ltr'>menon</span> <span class='ocrx_word' id='word_1_11' title='bbox 235 143 315 166; x_wconf 79' lang='lat' dir='ltr'>pertinet.</span> <span class='ocrx_word' id='word_1_12' title='bbox 337 141 400 161; x_wconf 84' lang='lat' dir='ltr'>Unum</span> <span class='ocrx_word' id='word_1_13' title='bbox 417 143 460 160; x_wconf 83' lang='lat' dir='ltr'>illud</span> <span class='ocrx_word' id='word_1_14' title='bbox 476 143 509 160; x_wconf 87' lang='lat' dir='ltr'>hoc</span> <span class='ocrx_word' id='word_1_15' title='bbox 522 143 561 160; x_wconf 78' lang='lat' dir='ltr'>loco</span> <span class='ocrx_word' id='word_1_16' title='bbox 573 142 668 165; x_wconf 79' lang='lat' dir='ltr'>proferen-·</span> 
     </span>
     <span class='ocr_line' id='line_1_4' title="bbox 101 171 667 193; baseline -0.002 -4"><span class='ocrx_word' id='word_1_17' title='bbox 101 172 145 189; x_wconf 88' lang='lat' dir='ltr'>dum</span> <span class='ocrx_word' id='word_1_18' title='bbox 160 175 218 189; x_wconf 79' lang='lat' dir='ltr'>est‘et</span> <span class='ocrx_word' id='word_1_19' title='bbox 233 171 313 189; x_wconf 83' lang='lat' dir='ltr'>futurum</span> <span class='ocrx_word' id='word_1_20' title='bbox 329 176 346 189; x_wconf 86' lang='lat' dir='ltr'>et</span> <span class='ocrx_word' id='word_1_21' title='bbox 358 171 492 189; x_wconf 77' lang='lat' dir='ltr'>conium-,rivum</span> <span class='ocrx_word' id='word_1_22' title='bbox 506 177 527 189; x_wconf 82' lang='lat' dir='ltr'>ex</span> <span class='ocrx_word' id='word_1_23' title='bbox 541 171 596 193; x_wconf 80' lang='lat' dir='ltr'>stirpe</span> <span class='ocrx_word' id='word_1_24' title='bbox 612 176 667 193; x_wconf 83' lang='lat' dir='ltr'>prae-·</span> 
     </span>
     <span class='ocr_line' id='line_1_5' title="bbox 101 200 664 222; baseline -0.002 -5"><span class='ocrx_word' id='word_1_25' title='bbox 101 200 155 217; x_wconf 87' lang='lat' dir='ltr'>sentis</span> <span class='ocrx_word' id='word_1_26' title='bbox 170 205 208 217; x_wconf 82' lang='lat' dir='ltr'>esse</span> <span class='ocrx_word' id='word_1_27' title='bbox 226 200 288 222; x_wconf 65' lang='lat' dir='ltr'>duct33</span> <span class='ocrx_word' id='word_1_28' title='bbox 309 200 372 218; x_wconf 81' lang='lat' dir='ltr'>deinde</span> <span class='ocrx_word' id='word_1_29' title='bbox 391 200 471 217; x_wconf 78' lang='lat' dir='ltr'>futurum</span> <span class='ocrx_word' id='word_1_30' title='bbox 489 205 551 217; x_wconf 81' lang='lat' dir='ltr'>eorum</span> <span class='ocrx_word' id='word_1_31' title='bbox 566 200 664 217; x_wconf 86' lang='lat' dir='ltr'>verborum</span> 
     </span>
     <span class='ocr_line' id='line_1_6' title="bbox 99 228 664 252; baseline -0.002 -6"><span class='ocrx_word' id='word_1_32' title='bbox 99 234 146 251; x_wconf 76' lang='lat' dir='ltr'>quae</span> <span class='ocrx_word' id='word_1_33' title='bbox 161 234 210 246; x_wconf 85' lang='lat' dir='ltr'>more</span> <span class='ocrx_word' id='word_1_34' title='bbox 226 229 383 252; x_wconf 81' lang='lat' dir='ltr'>grammaticorum</span> <span class='ocrx_word' id='word_1_35' title='bbox 398 228 553 252; x_wconf 77' lang='lat' dir='ltr'>coniugationibus</span> <span class='ocrx_word' id='word_1_36' title='bbox 570 228 597 246; x_wconf 87' lang='lat'>111</span> <span class='ocrx_word' id='word_1_37' title='bbox 610 228 626 246; x_wconf 78' lang='lat' dir='ltr'>et</span> <span class='ocrx_word' id='word_1_38' title='bbox 634 228 664 247; x_wconf 67' lang='lat' dir='ltr'>,1v</span> 
     </span>
     <span class='ocr_line' id='line_1_7' title="bbox 101 257 664 279; baseline -0.002 -5"><span class='ocrx_word' id='word_1_39' title='bbox 101 257 227 279; x_wconf 72' lang='lat' dir='ltr'>attribuuntur,</span> <span class='ocrx_word' id='word_1_40' title='bbox 246 257 341 275; x_wconf 80' lang='lat' dir='ltr'>conflatum</span> <span class='ocrx_word' id='word_1_41' title='bbox 356 263 393 275; x_wconf 79' lang='lat' dir='ltr'>esse</span> <span class='ocrx_word' id='word_1_42' title='bbox 409 263 429 275; x_wconf 85' lang='lat' dir='ltr'>ex</span> <span class='ocrx_word' id='word_1_43' title='bbox 446 257 560 276; x_wconf 76' lang='lat' dir='ltr'>coniunctivo</span> <span class='ocrx_word' id='word_1_44' title='bbox 576 261 593 274; x_wconf 83' lang='lat' dir='ltr'>et</span> <span class='ocrx_word' id='word_1_45' title='bbox 607 262 628 274; x_wconf 85' lang='lat' dir='ltr'>ex</span> <span class='ocrx_word' id='word_1_46' title='bbox 643 262 664 273; x_wconf 86' lang='lat' dir='ltr'>eo</span> 
     </span>
     <span class='ocr_line' id='line_1_8' title="bbox 101 284 662 309; baseline -0.002 -6"><span class='ocrx_word' id='word_1_47' title='bbox 101 285 155 303; x_wconf 66' lang='lat' dir='ltr'>modo</span> <span class='ocrx_word' id='word_1_48' title='bbox 176 286 207 309; x_wconf 86' lang='lat' dir='ltr'>qui</span> <span class='ocrx_word' id='word_1_49' title='bbox 230 292 271 303; x_wconf 81' lang='lat' dir='ltr'>cum</span> <span class='ocrx_word' id='word_1_50' title='bbox 292 286 322 303; x_wconf 86' lang='lat' dir='ltr'>il&#39;lo</span> <span class='ocrx_word' id='word_1_51' title='bbox 344 286 362 304; x_wconf 89' lang='lat' dir='ltr'>in</span> <span class='ocrx_word' id='word_1_52' title='bbox 378 284 442 304; x_wconf 57' lang='lat' dir='ltr'>&#39;unum</span> <span class='ocrx_word' id='word_1_53' title='bbox 465 286 555 307; x_wconf 77' lang='lat' dir='ltr'>confluxit,</span> <span class='ocrx_word' id='word_1_54' title='bbox 577 285 662 308; x_wconf 75' lang='lat' dir='ltr'>OPtativo.</span> 
     </span>
     <span class='ocr_line' id='line_1_9' title="bbox 101 314 664 332; baseline -0.002 0"><span class='ocrx_word' id='word_1_55' title='bbox 101 314 160 332; x_wconf 80' lang='lat' dir='ltr'>Etiam</span> <span class='ocrx_word' id='word_1_56' title='bbox 180 315 217 332; x_wconf 75' lang='lat' dir='ltr'>fieti</span> <span class='ocrx_word' id='word_1_57' title='bbox 234 315 323 332; x_wconf 82' lang='lat' dir='ltr'>interdum</span> <span class='ocrx_word' id='word_1_58' title='bbox 342 314 445 332; x_wconf 80' lang='lat' dir='ltr'>addendum</span> <span class='ocrx_word' id='word_1_59' title='bbox 460 319 486 332; x_wconf 80' lang='lat' dir='ltr'>est</span> <span class='ocrx_word' id='word_1_60' title='bbox 506 318 526 332; x_wconf 76' lang='lat' dir='ltr'>ur</span> <span class='ocrx_word' id='word_1_61' title='bbox 545 314 600 331; x_wconf 85' lang='lat' dir='ltr'>futuri</span> <span class='ocrx_word' id='word_1_62' title='bbox 615 314 664 331; x_wconf 81' lang='lat' dir='ltr'>notio</span> 
     </span>
     <span class='ocr_line' id='line_1_10' title="bbox 101 339 663 366; baseline -0.002 -5"><span class='ocrx_word' id='word_1_63' title='bbox 101 349 136 360; x_wconf 88' lang='lat' dir='ltr'>non</span> <span class='ocrx_word' id='word_1_64' title='bbox 154 339 230 366; x_wconf 72' lang='lat' dir='ltr'>simplici</span> <span class='ocrx_word' id='word_1_65' title='bbox 247 343 301 361; x_wconf 80' lang='lat' dir='ltr'>futuri</span> <span class='ocrx_word' id='word_1_66' title='bbox 320 343 378 361; x_wconf 69' lang='lat' dir='ltr'>form&#39;a</span> <span class='ocrx_word' id='word_1_67' title='bbox 398 343 516 366; x_wconf 78' lang='lat' dir='ltr'>exprimatur,</span> <span class='ocrx_word' id='word_1_68' title='bbox 535 343 566 360; x_wconf 85' lang='lat' dir='ltr'>sed</span> <span class='ocrx_word' id='word_1_69' title='bbox 586 343 663 365; x_wconf 70' lang='lat' dir='ltr'>quadam</span> 
     </span>
     <span class='ocr_line' id='line_1_11' title="bbox 101 371 664 395; baseline -0.002 -6"><span class='ocrx_word' id='word_1_70' title='bbox 101 377 141 389; x_wconf 88' lang='lat' dir='ltr'>cum</span> <span class='ocrx_word' id='word_1_71' title='bbox 157 372 174 389; x_wconf 87' lang='lat' dir='ltr'>vi</span> <span class='ocrx_word' id='word_1_72' title='bbox 186 372 271 395; x_wconf 74' lang='lat' dir='ltr'>singulari</span> <span class='ocrx_word' id='word_1_73' title='bbox 283 372 370 395; x_wconf 82' lang='lat' dir='ltr'>ampliore</span> <span class='ocrx_word' id='word_1_74' title='bbox 387 377 450 395; x_wconf 78' lang='lat' dir='ltr'>genere</span> <span class='ocrx_word' id='word_1_75' title='bbox 465 371 542 389; x_wconf 82' lang='lat' dir='ltr'>dicendi.</span> <span class='ocrx_word' id='word_1_76' title='bbox 558 371 614 394; x_wconf 86' lang='lat' dir='ltr'>Quod</span> <span class='ocrx_word' id='word_1_77' title='bbox 626 371 664 388; x_wconf 85' lang='lat' dir='ltr'>sine</span> 
     </span>
     <span class='ocr_line' id='line_1_12' title="bbox 101 400 664 424; baseline -0.002 -6"><span class='ocrx_word' id='word_1_78' title='bbox 101 401 156 418; x_wconf 84' lang='lat' dir='ltr'>dubio</span> <span class='ocrx_word' id='word_1_79' title='bbox 168 406 177 418; x_wconf 81' lang='lat' dir='ltr'>e</span> <span class='ocrx_word' id='word_1_80' title='bbox 189 406 271 418; x_wconf 77' lang='lat' dir='ltr'>sermone</span> <span class='ocrx_word' id='word_1_81' title='bbox 283 401 372 418; x_wconf 80' lang='lat' dir='ltr'>cotidiano</span> <span class='ocrx_word' id='word_1_82' title='bbox 388 401 515 423; x_wconf 81' lang='lat' dir='ltr'>depromptum</span> <span class='ocrx_word' id='word_1_83' title='bbox 530 406 586 424; x_wconf 82' lang='lat' dir='ltr'>genus</span> <span class='ocrx_word' id='word_1_84' title='bbox 601 400 624 417; x_wconf 85' lang='lat' dir='ltr'>ita</span> <span class='ocrx_word' id='word_1_85' title='bbox 638 404 664 417; x_wconf 84' lang='lat' dir='ltr'>est</span> 
     </span>
     <span class='ocr_line' id='line_1_13' title="bbox 101 428 667 452; baseline 0.004 -7"><span class='ocrx_word' id='word_1_86' title='bbox 101 433 230 451; x_wconf 73' lang='lat' dir='ltr'>comparatum,</span> <span class='ocrx_word' id='word_1_87' title='bbox 243 433 263 446; x_wconf 92' lang='lat' dir='ltr'>ut</span> <span class='ocrx_word' id='word_1_88' title='bbox 274 429 362 452; x_wconf 77' lang='lat' dir='ltr'>quaedam</span> <span class='ocrx_word' id='word_1_89' title='bbox 373 429 427 446; x_wconf 81' lang='lat' dir='ltr'>verba</span> <span class='ocrx_word' id='word_1_90' title='bbox 436 434 514 451; x_wconf 86' lang='lat' dir='ltr'>quorum</span> <span class='ocrx_word' id='word_1_91' title='bbox 523 433 601 452; x_wconf 79' lang='lat' dir='ltr'>potestas</span> <span class='ocrx_word' id='word_1_92' title='bbox 613 428 667 447; x_wconf 72' lang='lat' dir='ltr'>initio:</span> 
     </span>
     <span class='ocr_line' id='line_1_14' title="bbox 100 457 664 480; baseline -0.002 -6"><span class='ocrx_word' id='word_1_93' title='bbox 100 457 173 480; x_wconf 88' lang='lat' dir='ltr'>quidem</span> <span class='ocrx_word' id='word_1_94' title='bbox 182 457 235 475; x_wconf 84' lang='lat' dir='ltr'>fuerit</span> <span class='ocrx_word' id='word_1_95' title='bbox 243 458 331 479; x_wconf 75' lang='lat' dir='ltr'>absoluta,</span> <span class='ocrx_word' id='word_1_96' title='bbox 341 458 404 475; x_wconf 74' lang='lat' dir='ltr'>abeant</span> <span class='ocrx_word' id='word_1_97' title='bbox 413 458 465 480; x_wconf 82' lang='lat' dir='ltr'>plane</span> <span class='ocrx_word' id='word_1_98' title='bbox 477 457 495 474; x_wconf 85' lang='lat' dir='ltr'>in</span> <span class='ocrx_word' id='word_1_99' title='bbox 504 463 559 480; x_wconf 84' lang='lat' dir='ltr'>genus</span> <span class='ocrx_word' id='word_1_100' title='bbox 567 457 664 474; x_wconf 83' lang='lat' dir='ltr'>verborum</span> 
     </span>
     <span class='ocr_line' id='line_1_15' title="bbox 100 486 664 509; baseline -0.002 -6"><span class='ocrx_word' id='word_1_101' title='bbox 100 486 213 503; x_wconf 76' lang='lat' dir='ltr'>auxiliarium</span> <span class='ocrx_word' id='word_1_102' title='bbox 229 486 298 509; x_wconf 76' lang='lat' dir='ltr'>sibique</span> <span class='ocrx_word' id='word_1_103' title='bbox 313 490 404 503; x_wconf 75' lang='lat' dir='ltr'>assumant</span> <span class='ocrx_word' id='word_1_104' title='bbox 416 486 438 504; x_wconf 75' lang='lat' dir='ltr'>ad</span> <span class='ocrx_word' id='word_1_105' title='bbox 450 492 523 503; x_wconf 87' lang='lat' dir='ltr'>sensum</span> <span class='ocrx_word' id='word_1_106' title='bbox 535 486 623 509; x_wconf 78' lang='lat' dir='ltr'>integrum</span> <span class='ocrx_word' id='word_1_107' title='bbox 636 491 664 502; x_wconf 80' lang='lat' dir='ltr'>as-</span> 
     </span>
     <span class='ocr_line' id='line_1_16' title="bbox 100 513 663 538; baseline -0.002 -7"><span class='ocrx_word' id='word_1_108' title='bbox 100 514 212 537; x_wconf 85' lang='lat' dir='ltr'>sequendum</span> <span class='ocrx_word' id='word_1_109' title='bbox 229 514 337 532; x_wconf 72' lang='lat' dir='ltr'>infinitivum</span> <span class='ocrx_word' id='word_1_110' title='bbox 355 515 382 532; x_wconf 84' lang='lat' dir='ltr'>vel</span> <span class='ocrx_word' id='word_1_111' title='bbox 401 514 515 538; x_wconf 78' lang='lat' dir='ltr'>participium</span> <span class='ocrx_word' id='word_1_112' title='bbox 535 514 562 531; x_wconf 85' lang='lat' dir='ltr'>vel</span> <span class='ocrx_word' id='word_1_113' title='bbox 578 513 663 536; x_wconf 77' lang='lat' dir='ltr'>supinum</span> 
     </span>
     <span class='ocr_line' id='line_1_17' title="bbox 100 541 665 566; baseline -0.002 -6"><span class='ocrx_word' id='word_1_114' title='bbox 100 543 138 560; x_wconf 87' lang='lat' dir='ltr'>eius</span> <span class='ocrx_word' id='word_1_115' title='bbox 156 543 205 560; x_wconf 83' lang='lat' dir='ltr'>verbi</span> <span class='ocrx_word' id='word_1_116' title='bbox 223 543 272 566; x_wconf 83' lang='lat' dir='ltr'>quod</span> <span class='ocrx_word' id='word_1_117' title='bbox 287 543 352 561; x_wconf 74' lang='lat' dir='ltr'>indicet</span> <span class='ocrx_word' id='word_1_118' title='bbox 365 543 453 561; x_wconf 77' lang='lat' dir='ltr'>actionem</span> <span class='ocrx_word' id='word_1_119' title='bbox 465 543 531 566; x_wconf 77' lang='lat' dir='ltr'>ipsam.</span> <span class='ocrx_word' id='word_1_120' title='bbox 548 541 594 561; x_wconf 80' lang='lat' dir='ltr'>Sunt</span> <span class='ocrx_word' id='word_1_121' title='bbox 608 546 665 565; x_wconf 63' lang='lat' dir='ltr'>quae-&gt;</span> 
     </span>
     <span class='ocr_line' id='line_1_18' title="bbox 100 570 663 594; baseline -0.002 -6"><span class='ocrx_word' id='word_1_122' title='bbox 100 571 142 588; x_wconf 87' lang='lat' dir='ltr'>dam</span> <span class='ocrx_word' id='word_1_123' title='bbox 157 571 179 588; x_wconf 84' lang='lat' dir='ltr'>de</span> <span class='ocrx_word' id='word_1_124' title='bbox 195 571 227 589; x_wconf 82' lang='lat' dir='ltr'>hac</span> <span class='ocrx_word' id='word_1_125' title='bbox 243 577 261 588; x_wconf 87' lang='lat' dir='ltr'>re</span> <span class='ocrx_word' id='word_1_126' title='bbox 277 571 366 594; x_wconf 70' lang='lat' dir='ltr'>disputata</span> <span class='ocrx_word' id='word_1_127' title='bbox 380 578 390 589; x_wconf 79' lang='lat' dir='ltr'>a</span> <span class='ocrx_word' id='word_1_128' title='bbox 406 571 465 589; x_wconf 87' lang='lat' dir='ltr'>Brixio</span> <span class='ocrx_word' id='word_1_129' title='bbox 480 576 497 589; x_wconf 90' lang='lat' dir='ltr'>et</span> <span class='ocrx_word' id='word_1_130' title='bbox 516 577 525 589; x_wconf 71' lang='lat' dir='ltr'>a</span> <span class='ocrx_word' id='word_1_131' title='bbox 542 572 626 593; x_wconf 70' lang='lat' dir='ltr'>Langen-in</span> <span class='ocrx_word' id='word_1_132' title='bbox 641 570 663 587; x_wconf 84' lang='lat' dir='ltr'>&#39;in</span> 
     </span>
     <span class='ocr_line' id='line_1_19' title="bbox 99 600 663 623; baseline -0.002 -6"><span class='ocrx_word' id='word_1_133' title='bbox 99 600 246 617; x_wconf 61' lang='lat' dir='ltr'>adnotationibus*</span> <span class='ocrx_word' id='word_1_134' title='bbox 256 600 278 617; x_wconf 82' lang='lat' dir='ltr'>ad</span> <span class='ocrx_word' id='word_1_135' title='bbox 290 600 355 623; x_wconf 81' lang='lat' dir='ltr'>Capt.</span> <span class='ocrx_word' id='word_1_136' title='bbox 370 600 410 622; x_wconf 80' lang='lat'>345.</span> <span class='ocrx_word' id='word_1_137' title='bbox 425 600 490 618; x_wconf 84' lang='lat' dir='ltr'>Nescio</span> <span class='ocrx_word' id='word_1_138' title='bbox 502 601 524 618; x_wconf 79' lang='lat' dir='ltr'>&#39;an</span> <span class='ocrx_word' id='word_1_139' title='bbox 537 600 600 618; x_wconf 83' lang='lat' dir='ltr'>eodem</span> <span class='ocrx_word' id='word_1_140' title='bbox 613 604 663 622; x_wconf 80' lang='lat' dir='ltr'>spec-</span> 
     </span>
     <span class='ocr_line' id='line_1_20' title="bbox 98 627 662 651; baseline 0.002 -6"><span class='ocrx_word' id='word_1_141' title='bbox 98 633 134 645; x_wconf 82' lang='lat' dir='ltr'>tent</span> <span class='ocrx_word' id='word_1_142' title='bbox 152 628 215 646; x_wconf 83' lang='lat' dir='ltr'>Most.</span> <span class='ocrx_word' id='word_1_143' title='bbox 229 628 273 651; x_wconf 75' lang='lat'>3¹7²</span> <span class='ocrx_word' id='word_1_144' title='bbox 292 629 345 646; x_wconf 81' lang='lat' dir='ltr'>Nunc</span> <span class='ocrx_word' id='word_1_145' title='bbox 359 629 490 646; x_wconf 79' lang='lat' dir='ltr'>commissatum</span> <span class='ocrx_word' id='word_1_146' title='bbox 503 629 532 646; x_wconf 80' lang='lat' dir='ltr'>ibo</span> <span class='ocrx_word' id='word_1_147' title='bbox 544 628 568 646; x_wconf 82' lang='lat' dir='ltr'>ad</span> <span class='ocrx_word' id='word_1_148' title='bbox 580 627 662 645; x_wconf 81' lang='lat' dir='ltr'>Philola-</span> 
     </span>
     <span class='ocr_line' id='line_1_21' title="bbox 98 655 663 679; baseline 0 -6"><span class='ocrx_word' id='word_1_149' title='bbox 98 656 151 673; x_wconf 78' lang='lat' dir='ltr'>chem.</span> <span class='ocrx_word' id='word_1_150' title='bbox 177 656 233 674; x_wconf 85' lang='lat' dir='ltr'>Ibid.</span> <span class='ocrx_word' id='word_1_151' title='bbox 252 656 296 673; x_wconf 77' lang='lat'>566:</span> <span class='ocrx_word' id='word_1_152' title='bbox 319 656 354 674; x_wconf 83' lang='lat' dir='ltr'>Sed</span> <span class='ocrx_word' id='word_1_153' title='bbox 371 656 457 679; x_wconf 81' lang='lat' dir='ltr'>occupabo</span> <span class='ocrx_word' id='word_1_154' title='bbox 476 656 534 674; x_wconf 81' lang='lat' dir='ltr'>adire.</span> <span class='ocrx_word' id='word_1_155' title='bbox 560 655 663 679; x_wconf 76' lang='lat' dir='ltr'>Uti-ubique</span> 
     </span>
     <span class='ocr_line' id='line_1_22' title="bbox 98 684 662 707; baseline 0 -6"><span class='ocrx_word' id='word_1_156' title='bbox 98 684 173 701; x_wconf 87' lang='lat' dir='ltr'>verbum</span> <span class='ocrx_word' id='word_1_157' title='bbox 191 684 261 702; x_wconf 83' lang='lat' dir='ltr'>finitum</span> <span class='ocrx_word' id='word_1_158' title='bbox 280 690 321 701; x_wconf 83' lang='lat' dir='ltr'>curn</span> <span class='ocrx_word' id='word_1_159' title='bbox 339 690 389 701; x_wconf 76' lang='lat' dir='ltr'>suam</span> <span class='ocrx_word' id='word_1_160' title='bbox 404 684 511 707; x_wconf 79' lang='lat' dir='ltr'>peculiarem</span> <span class='ocrx_word' id='word_1_161' title='bbox 530 684 612 702; x_wconf 82' lang='lat' dir='ltr'>exhibeat</span> <span class='ocrx_word' id='word_1_162' title='bbox 629 689 662 701; x_wconf 90' lang='lat' dir='ltr'>no-</span> 
     </span>
     <span class='ocr_line' id='line_1_23' title="bbox 98 712 661 734; baseline 0 -4"><span class='ocrx_word' id='word_1_163' title='bbox 98 713 170 734; x_wconf 68' lang='lat' dir='ltr'>tionem,</span> <span class='ocrx_word' id='word_1_164' title='bbox 186 717 244 730; x_wconf 79' lang='lat' dir='ltr'>tamen</span> <span class='ocrx_word' id='word_1_165' title='bbox 261 713 294 730; x_wconf 78' lang='lat' dir='ltr'>alia</span> <span class='ocrx_word' id='word_1_166' title='bbox 309 718 330 730; x_wconf 83' lang='lat' dir='ltr'>ex</span> <span class='ocrx_word' id='word_1_167' title='bbox 343 713 410 730; x_wconf 84' lang='lat' dir='ltr'>ratione</span> <span class='ocrx_word' id='word_1_168' title='bbox 423 713 503 730; x_wconf 81' lang='lat' dir='ltr'>similiter</span> <span class='ocrx_word' id='word_1_169' title='bbox 515 713 574 730; x_wconf 83' lang='lat' dir='ltr'>verbis</span> <span class='ocrx_word' id='word_1_170' title='bbox 586 712 661 730; x_wconf 80' lang='lat' dir='ltr'>auxilia-</span> 
     </span>
     <span class='ocr_line' id='line_1_24' title="bbox 98 741 661 765; baseline 0 -6"><span class='ocrx_word' id='word_1_171' title='bbox 98 742 147 759; x_wconf 84' lang='lat' dir='ltr'>ribus</span> <span class='ocrx_word' id='word_1_172' title='bbox 162 743 267 765; x_wconf 52' lang='lat' dir='ltr'>usurpatur}</span> <span class='ocrx_word' id='word_1_173' title='bbox 280 742 366 765; x_wconf 84' lang='lat' dir='ltr'>significat</span> <span class='ocrx_word' id='word_1_174' title='bbox 382 742 429 759; x_wconf 84' lang='lat' dir='ltr'>enim</span> <span class='ocrx_word' id='word_1_175' title='bbox 444 741 531 759; x_wconf 78' lang='lat' dir='ltr'>rationem</span> <span class='ocrx_word' id='word_1_176' title='bbox 543 741 661 764; x_wconf 76' lang='lat' dir='ltr'>temporalem</span> 
     </span>
     <span class='ocr_line' id='line_1_25' title="bbox 97 769 660 793; baseline 0 -6"><span class='ocrx_word' id='word_1_177' title='bbox 97 770 171 787; x_wconf 77' lang='lat' dir='ltr'>actionis</span> <span class='ocrx_word' id='word_1_178' title='bbox 187 770 242 793; x_wconf 85' lang='lat' dir='ltr'>ipsius</span> <span class='ocrx_word' id='word_1_179' title='bbox 258 770 279 787; x_wconf 82' lang='lat' dir='ltr'>ad</span> <span class='ocrx_word' id='word_1_180' title='bbox 295 770 376 787; x_wconf 82' lang='lat' dir='ltr'>futurum</span> <span class='ocrx_word' id='word_1_181' title='bbox 388 770 482 793; x_wconf 84' lang='lat' dir='ltr'>pertinere.</span> <span class='ocrx_word' id='word_1_182' title='bbox 500 770 549 787; x_wconf 77' lang='lat' dir='ltr'>Haec</span> <span class='ocrx_word' id='word_1_183' title='bbox 561 775 614 787; x_wconf 82' lang='lat' dir='ltr'>nosse</span> <span class='ocrx_word' id='word_1_184' title='bbox 626 769 660 787; x_wconf 87' lang='lat' dir='ltr'>hoc</span> 
     </span>
     <span class='ocr_line' id='line_1_26' title="bbox 97 798 659 820; baseline 0.002 -5"><span class='ocrx_word' id='word_1_185' title='bbox 97 798 171 820; x_wconf 87' lang='lat' dir='ltr'>quidem</span> <span class='ocrx_word' id='word_1_186' title='bbox 190 798 228 815; x_wconf 82' lang='lat' dir='ltr'>locu</span> <span class='ocrx_word' id='word_1_187' title='bbox 248 798 270 816; x_wconf 85' lang='lat' dir='ltr'>de</span> <span class='ocrx_word' id='word_1_188' title='bbox 287 798 347 816; x_wconf 79' lang='lat' dir='ltr'>futuro</span> <span class='ocrx_word' id='word_1_189' title='bbox 362 798 491 816; x_wconf 70' lang='lat' dir='ltr'>conformando</span> <span class='ocrx_word' id='word_1_190' title='bbox 506 804 577 816; x_wconf 78' lang='lat' dir='ltr'>necesse</span> <span class='ocrx_word' id='word_1_191' title='bbox 592 798 659 816; x_wconf 80' lang='lat' dir='ltr'>censui.</span> 
     </span>
    </p>

    <p class='ocr_par' dir='ltr' id='par_1_3' title="bbox 96 826 661 934">
     <span class='ocr_line' id='line_1_27' title="bbox 141 826 661 849; baseline 0 -6"><span class='ocrx_word' id='word_1_192' title='bbox 141 826 234 849; x_wconf 81' lang='lat' dir='ltr'>Perspecta</span> <span class='ocrx_word' id='word_1_193' title='bbox 251 830 311 843; x_wconf 80' lang='lat' dir='ltr'>autem</span> <span class='ocrx_word' id='word_1_194' title='bbox 326 826 394 844; x_wconf 74' lang='lat' dir='ltr'>ratione</span> <span class='ocrx_word' id='word_1_195' title='bbox 409 826 464 844; x_wconf 77' lang='lat' dir='ltr'>futuri</span> <span class='ocrx_word' id='word_1_196' title='bbox 480 826 568 843; x_wconf 83' lang='lat' dir='ltr'>formandi</span> <span class='ocrx_word' id='word_1_197' title='bbox 584 832 661 844; x_wconf 84' lang='lat' dir='ltr'>consen—</span> 
     </span>
     <span class='ocr_line' id='line_1_28' title="bbox 97 855 661 878; baseline 0.002 -7"><span class='ocrx_word' id='word_1_198' title='bbox 97 858 168 871; x_wconf 82' lang='lat' dir='ltr'>taneum</span> <span class='ocrx_word' id='word_1_199' title='bbox 186 859 212 871; x_wconf 87' lang='lat' dir='ltr'>est</span> <span class='ocrx_word' id='word_1_200' title='bbox 230 859 262 872; x_wconf 76' lang='lat' dir='ltr'>nos</span> <span class='ocrx_word' id='word_1_201' title='bbox 282 860 319 872; x_wconf 90' lang='lat' dir='ltr'>rem</span> <span class='ocrx_word' id='word_1_202' title='bbox 337 855 360 872; x_wconf 89' lang='lat' dir='ltr'>ita</span> <span class='ocrx_word' id='word_1_203' title='bbox 374 855 463 877; x_wconf 77' lang='lat' dir='ltr'>amplecti,</span> <span class='ocrx_word' id='word_1_204' title='bbox 483 859 502 872; x_wconf 83' lang='lat' dir='ltr'>ut</span> <span class='ocrx_word' id='word_1_205' title='bbox 520 855 600 877; x_wconf 85' lang='lat' dir='ltr'>primum</span> <span class='ocrx_word' id='word_1_206' title='bbox 615 860 661 878; x_wconf 75' lang='lat' dir='ltr'>quae</span> 
     </span>
     <span class='ocr_line' id='line_1_29' title="bbox 96 878 661 906; baseline 0.002 -7"><span class='ocrx_word' id='word_1_207' title='bbox 96 882 172 900; x_wconf 82' lang='lat' dir='ltr'>rationes</span> <span class='ocrx_word' id='word_1_208' title='bbox 190 882 234 900; x_wconf 84' lang='lat' dir='ltr'>inter</span> <span class='ocrx_word' id='word_1_209' title='bbox 244 878 334 900; x_wconf 74' lang='lat' dir='ltr'>&#39;futurum</span> <span class='ocrx_word' id='word_1_210' title='bbox 349 888 366 900; x_wconf 91' lang='lat' dir='ltr'>et</span> <span class='ocrx_word' id='word_1_211' title='bbox 380 888 470 906; x_wconf 73' lang='lat' dir='ltr'>praesens,</span> <span class='ocrx_word' id='word_1_212' title='bbox 490 882 555 900; x_wconf 87' lang='lat' dir='ltr'>deinde</span> <span class='ocrx_word' id='word_1_213' title='bbox 572 888 619 906; x_wconf 79' lang='lat' dir='ltr'>quae</span> <span class='ocrx_word' id='word_1_214' title='bbox 633 883 661 900; x_wconf 88' lang='lat' dir='ltr'>in-</span> 
     </span>
     <span class='ocr_line' id='line_1_30' title="bbox 96 911 658 934; baseline 0.002 -6"><span class='ocrx_word' id='word_1_215' title='bbox 96 911 184 928; x_wconf 82' lang='lat' dir='ltr'>tercedant</span> <span class='ocrx_word' id='word_1_216' title='bbox 201 911 245 929; x_wconf 82' lang='lat' dir='ltr'>inter</span> <span class='ocrx_word' id='word_1_217' title='bbox 260 911 341 929; x_wconf 74' lang='lat' dir='ltr'>futurum</span> <span class='ocrx_word' id='word_1_218' title='bbox 356 915 373 929; x_wconf 87' lang='lat' dir='ltr'>et</span> <span class='ocrx_word' id='word_1_219' title='bbox 391 911 524 929; x_wconf 84' lang='lat' dir='ltr'>coniunctivum</span> <span class='ocrx_word' id='word_1_220' title='bbox 542 917 658 934; x_wconf 63' lang='lat' dir='ltr'>exponamus,</span> 
     </span>
    </p>

    <p class='ocr_par' dir='ltr' id='par_1_4' title="bbox 96 940 661 992">
     <span class='ocr_line' id='line_1_31' title="bbox 140 940 661 963; baseline 0 -6"><span class='ocrx_word' id='word_1_221' title='bbox 140 940 260 963; x_wconf 83' lang='lat' dir='ltr'>Aggredimur</span> <span class='ocrx_word' id='word_1_222' title='bbox 272 945 314 957; x_wconf 79' lang='lat' dir='ltr'>eum</span> <span class='ocrx_word' id='word_1_223' title='bbox 323 940 381 957; x_wconf 81' lang='lat' dir='ltr'>lucum</span> <span class='ocrx_word' id='word_1_224' title='bbox 393 940 537 963; x_wconf 83' lang='lat' dir='ltr'>pertractandum</span> <span class='ocrx_word' id='word_1_225' title='bbox 546 940 576 957; x_wconf 87' lang='lat' dir='ltr'>ubi</span> <span class='ocrx_word' id='word_1_226' title='bbox 584 940 661 957; x_wconf 82' lang='lat' dir='ltr'>maxime</span> 
     </span>
     <span class='ocr_line' id='line_1_32' title="bbox 96 968 659 992; baseline 0 -6"><span class='ocrx_word' id='word_1_227' title='bbox 96 968 114 986; x_wconf 88' lang='lat' dir='ltr'>in</span> <span class='ocrx_word' id='word_1_228' title='bbox 122 974 204 986; x_wconf 82' lang='lat' dir='ltr'>sermone</span> <span class='ocrx_word' id='word_1_229' title='bbox 212 968 271 986; x_wconf 78' lang='lat' dir='ltr'>Plauti</span> <span class='ocrx_word' id='word_1_230' title='bbox 279 969 345 986; x_wconf 78' lang='lat' dir='ltr'>eluceat</span> <span class='ocrx_word' id='word_1_231' title='bbox 353 969 431 986; x_wconf 79' lang='lat' dir='ltr'>sollertia</span> <span class='ocrx_word' id='word_1_232' title='bbox 439 968 538 992; x_wconf 65' lang='lat' dir='ltr'>quaedanu</span> <span class='ocrx_word' id='word_1_233' title='bbox 548 969 596 992; x_wconf 77' lang='lat' dir='ltr'>apud</span> <span class='ocrx_word' id='word_1_234' title='bbox 604 973 659 991; x_wconf 87' lang='lat' dir='ltr'>quem</span> 
     </span>
    </p>
   </div>
   <div class='ocr_carea' id='block_1_3' title="bbox 96 1011 204 1014">
    <p class='ocr_par' dir='ltr' id='par_1_5' title="bbox 96 1011 204 1014">
     <span class='ocr_line' id='line_1_33' title="bbox 96 1011 204 1014; baseline 0 0"><span class='ocrx_word' id='word_1_235' title='bbox 96 1011 204 1014; x_wconf 95' lang='lat' dir='ltr'> </span> 
     </span>
    </p>
   </div>
   <div class='ocr_carea' id='block_1_4' title="bbox 95 1037 661 1077">
    <p class='ocr_par' dir='ltr' id='par_1_6' title="bbox 95 1037 661 1077">
     <span class='ocr_line' id='line_1_34' title="bbox 131 1037 661 1073; baseline 0.002 -22"><span class='ocrx_word' id='word_1_236' title='bbox 131 1038 137 1048; x_wconf 84' lang='lat'>¹</span> <span class='ocrx_word' id='word_1_237' title='bbox 150 1037 181 1073; x_wconf 78' lang='lat' dir='ltr'>Die3</span> <span class='ocrx_word' id='word_1_238' title='bbox 191 1037 303 1052; x_wconf 79' lang='lat' dir='ltr'>Verbalflexion</span> <span class='ocrx_word' id='word_1_239' title='bbox 318 1038 344 1052; x_wconf 81' lang='lat' dir='ltr'>der</span> <span class='ocrx_word' id='word_1_240' title='bbox 357 1038 456 1052; x_wconf 77' lang='lat' dir='ltr'>lateinischen</span> <span class='ocrx_word' id='word_1_241' title='bbox 470 1038 537 1057; x_wconf 74' lang='lat' dir='ltr'>Sprache</span> <span class='ocrx_word' id='word_1_242' title='bbox 550 1038 602 1056; x_wconf 82' lang='lat' dir='ltr'>&lt;lenae</span> <span class='ocrx_word' id='word_1_243' title='bbox 620 1038 661 1057; x_wconf 75' lang='lat'>1873)</span> 
     </span>
     <span class='ocr_line' id='line_1_35' title="bbox 95 1063 186 1077; baseline 0 -5"><span class='ocrx_word' id='word_1_244' title='bbox 95 1063 103 1072; x_wconf 78' lang='lat' dir='ltr'>a</span> <span class='ocrx_word' id='word_1_245' title='bbox 112 1063 145 1077; x_wconf 74' lang='lat' dir='ltr'>pag.</span> <span class='ocrx_word' id='word_1_246' title='bbox 156 1063 170 1072; x_wconf 76' lang='grc' dir='ltr'>ιι</span> <span class='ocrx_word' id='word_1_247' title='bbox 183 1070 186 1073; x_wconf 90' lang='grc'>.</span> 
     </span>
    </p>
   </div>
   <div class='ocr_carea' id='block_1_5' title="bbox 749 0 760 903">
    <p class='ocr_par' dir='ltr' id='par_1_7' title="bbox 749 0 760 903">
     <span class='ocr_line' id='line_1_36' title="bbox 749 0 760 903; baseline 0 0"><span class='ocrx_word' id='word_1_248' title='bbox 749 0 760 903; x_wconf 95' lang='lat' dir='ltr'> </span> 
     </span>
    </p>
   </div>
  </div>
 </body>
</html>
