763 1177
306 81 428 99 ,59-

82 122 174 140 invenitur
187 123 247 141 Trin.
261 124 307 147 496:
321 124 356 142 Ubi
367 127 449 141 mortuus
460 124 492 144 sis,
507 123 534 141 ita
548 123 573 140 sis
586 125 605 140 ut
619 128 647 139 no⁴

82 157 122 169 men
134 152 185 169 cluet.
198 152 337 171 Coniunctivum
349 158 385 170 non
397 158 435 170 esse
448 156 554 175 usurpatum
563 152 585 169 de
594 151 648 169 altera

83 186 161 203 persona
176 181 268 199 indefinita
279 186 371 200 contextus
383 181 479 199 verborum
491 181 529 204 ipse
541 181 603 201 docet:
617 185 649 197 ne-

82 214 127 232 que;
138 209 156 226 id
168 210 216 232 quod
229 210 281 233 plane
293 210 395 229 abhorreret
407 216 417 227 a
429 209 504 227 consilio
517 209 612 232 loquentis,
627 214 649 226 ea

85 238 112 255 vis
133 238 190 255 inesse
208 242 271 261 potest,
290 243 309 257 ut
324 238 441 256 ‘coniunctivo
461 238 532 261 pondus
551 238 649 255 verborum

86 268 178 285 minuatur
197 272 249 290 atque
268 268 388 292 restringatur.
410 266 496 288 Similiter
514 273 541 285 res
559 273 577 285 se
596 267 650 284 habet

87 296 150 319 Capt.
168 297 212 314 208:
227 297 296 320 Apage,
311 297 346 315 hau
362 302 394 314 nos
409 296 429 314 id
442 297 508 315 deceat.
525 296 546 314 Id
561 296 608 313 enirn
623 300 651 313 est

87 325 182 342 consilium
193 325 258 348 captivi
271 328 290 343 ‘ut
300 331 371 344 summa
383 326 400 343 vi
412 325 478 347 reiciat,
490 325 507 343 id
515 325 563 348 quod
572 325 599 342 vel
607 328 650 342 voce

88 355 156 376 ,apage⁴
171 354 243 375 indicat,
261 360 298 372 sese
317 355 335 372 in
351 354 412 373 animo
427 353 496 372 habere·
507 354 573 377 fugere.
590 353 653 376 Quare

88 388 129 399 cum
149 382 236 400 absonum
257 383 280 400 sit
298 383 351 401 statui
373 383 507 404 coniunctivum
530 382 652 406 potentialem,

89 416 116 428 res
129 415 188 428 autem
201 416 266 434 spectet
279 412 300 429 ad
313 412 401 433 futurum,
411 412 484 434 ,decear‘
497 411 545 429 idem
558 411 593 428 fere
605 411 652 428 valet

89 444 141 462 atque
151 440 238 460 ‚decebit‘l
253 440 316 458 Paullo
329 440 435 466 immutatur
446 440 475 458 hic
485 440 592 458 coniunctivi
608 445 654 457 usus

89 468 106 485 in
115 468 210 486 enuntiatis
218 469 354 492 interrogativis,
364 475 405 488 curn
417 469 455 487 eius
468 473 534 487 munus
546 469 579 486 hoc
591 468 619 489 sit,
633 473 654 485 ut

89 497 133 519 quid
148 497 207 515 futuro
222 498 301 520 tempore
313 495 477 521 expectandum'sit
488 502 589 521 quaeratur.
602 497 653 514 'Mihi

89 526 163 548 quidem
178 526 203 543 sic
217 526 331 549 explicandus
343 527 414 545 videtur
430 527 553 545 nanim-activus
572 526 653 548 Amph.

91 555 126 577 576
140 559 157 572 et
173 555 230 572 ibid.
247 555 291 578 769:
308 555 357 578 Quid
370 552 402 573 hoc
415 556 440 573 sit
455 555 548 573 hominis?
556 555 653 572 Fleckeise-

91 589 125 600 nus
140 583 224 606 quidem·
241 583 335 607 proposuit
349 583 465 602 indicativum
480 586 527 605 ,est‘,
543 589 563 601 ea
579 583 662 600 videlicet

93 617 146 629 causa
160 612 248 629 adductus
263 612 312 635 quod
327 612 449 630 coniunctivus
465 618 528 635 parurn
545 612 617 629 haberet
633 617 659 629 ra>

93 641 153 658 tionis.
170 641 289 658 Indicativum
304 646 363 659 autem
378 641 471 665 proposuit
486 641 538 659 nixus
553 646 570 659 et
584 647 604 659 eo
619 641 660 658 loco

94 675 148 692 quem
177 670 257 687 Donatus
287 670 309 687 ad
336 670 384 687 Ter.
414 671 469 688 Eun.
495 670 528 693 ²37
557 670 659 687 adnotavit:

95 698 144 721 Quid
158 698 189 715 hoc
200 701 226 716 est
238 699 330 716 hominis?
341 703 358 716 et
370 704 422 716 versu
435 699 491 717 Eun.
505 699 550 721 546:
569 698 618 721 Quid
629 698 662 716 hoc

95 727 187 744 hominis?
198 727 229 750 qui
240 727 269 745 hic
280 728 379 745 ornatust?
393 727 428 746 Sed
440 733 481 745 cum
493 727 521 745 vix
533 727 603 745 licitum
616 727 660 745 mihi

94 755 175 773 videatur
187 761 224 773 esse
238 756 296 773 Plauti
308 762 362 773 usum
373 756 452 778 dicendi,
465 756 531 780 quippe
543 756 574 779 qui
588 756 610 773 sit
622 761 660 773 tarn

95 784 195 807 multiplex,
210 785 320 802 conformare
340 785 362 802 ad
381 785 426 802 alius
445 785 536 808 scriptoris
556 784 658 802 similitudi-

96 819 144 834 nem,
158 818 197 830 tum
213 814 290 831 maxime
306 814 338 831 hoc
354 818 423 831 vetatur
438 813 472 831 illis
487 814 531 831 locis
545 813 593 837 ipsis.
611 813 660 831 Narn

96 842 163 864 aliquid
179 842 262 859 interesse
277 842 322 859 inter
337 842 461 860 condicionem
473 842 553 860 locorum
567 842 662 860 Plautino-

77 890 79 892 ,
97 876 137 888 rum
156 875 172 888 et
187 870 336 888 Terentianorum
355 871 440 888 intellexit
455 871 490 888 iam
506 870 609 893 Ussingius,
629 870 660 893 qui

97 905 117 916 ea
136 899 158 916 de
178 904 195 916 re
215 900 236 917 ad
253 900 333 922 Amph.
352 900 386 922 576
402 899 451 922 (572)
466 899 549 917 disseruit
567 899 662 917 nonnulla.

98 928 136 950 Qui
151 928 246 946 discrimen
267 934 307 946 cum
323 932 369 945 recte
389 928 503 951 intellegeret,
523 932 582 945 tamen
602 928 620 945 in
641 934 664 946 eo

98 957 168 978 erravit,
183 957 232 980 quod
247 957 339 975 lectionem
353 957 436 974 traditam
449 956 554 980 repudiavit.
573 956 663 980 Equidem

98 990 144 1003 recte
158 986 218 1003 omnia
234 992 252 1003 se
269 986 334 1004 habere
350 991 419 1003 censeo.
436 986 482 1003 Nam
500 991 541 1003 curn
558 985 583 1003 sic
595 985 664 1008 optime

135 1068 140 1079 ¹
151 1068 190 1083 Nov.
196 1072 230 1083 ann.
238 1071 270 1082 torn
277 1068 295 1086 95
304 1072 337 1086 pag.
344 1068 377 1082 535.
