763 1177
326 72 438 90 -6-

99 114 145 137 viget
160 114 235 132 varietas
250 118 353 136 structurae,
371 120 392 132 eo
409 115 472 132 melius
486 115 513 132 vel
529 115 619 132 levissima
635 121 663 132 re-

98 149 138 160 rum
154 143 282 160 narrandarum
296 143 477 166 exponendarumque
497 143 600 161 discrimina
621 143 662 161 illu-

98 176 181 189 strantur.
195 172 292 189 Minuenda
304 172 358 195 igitur
369 172 400 189 illa
407 177 433 190 est
441 172 503 195 opinio
512 177 549 190 non
558 172 601 190 satis
609 172 663 195 digna

99 201 170 222 Plauto,
181 200 232 218 cuius
244 200 354 218 admirabilis
367 200 386 218 in
399 201 479 218 oratione
491 201 585 218 formanda
596 201 663 219 eluceat

98 235 134 250 ars,
154 229 188 246 nisi
207 229 255 252 quod
275 229 319 246 illud
338 233 364 246 est
387 229 498 252 largiendum
519 227 567 252 quod
588 229 663 247 Plautus

94 254 137 275 'illas'
151 255 237 278 licentias,
251 263 296 280 quae
311 257 363 275 certis
380 257 460 275 nituntur
471 257 578 279 rationibus,
592 257 614 275 ad
627 263 662 275 me·

98 290 146 303 trum
165 290 211 303 recte
229 285 377 303 conformandum
400 291 452 309 saepe
471 286 569 303 transtulit.
592 287 619 303 Ac
640 292 662 303 ne

97 318 144 331 certa
159 314 232 337 quidem
249 314 359 332 consuetudo
373 314 431 335 abestg
451 320 493 332 nam
511 314 599 332 sermonis
615 320 662 332 corn-

98 343 157 360 munis
174 348 209 360 non
228 343 286 360 minus
305 348 359 365 quam
378 343 407 360 illa
426 343 501 360 varietas
518 343 552 360 hoc
568 343 663 366 proprium

97 376 123 389 est
141 376 161 389 ut
175 372 197 389 ad
211 376 267 389 cerias
283 377 310 389 res
326 371 450 394 significandas
466 377 518 395 saepe
534 376 581 389 certa
597 377 662 395 genera

97 400 168 418 dicendi
186 400 304 418 adhibeantur
322 405 358 417 tam
376 404 484 422 constanter,
504 405 524 418 ut
543 400 578 418 alia
598 406 663 424 genera

97 429 174 450 dicendi,
191 428 275 451 quamvis
293 434 325 451 per
343 434 362 446 se
379 428 415 446 sint
430 434 465 446 uon
485 429 545 446 minus
563 429 662 452 probanda,

98 463 153 481 paene
167 457 260 475 evitentur.
430 471 432 473 ,

142 486 195 508 Quae
211 491 252 503 cum
267 486 291 503 ita
302 486 344 507 sint,
361 490 380 503 ut
392 486 471 508 primurn
483 486 571 503 intentum
583 486 663 507 studium

97 515 119 532 ad
135 515 222 538 syntaxim
241 514 342 538 priscorum
357 514 465 537 scriptorum
490 515 587 532 latinorum
612 515 663 532 inve-

98 543 197 566 stigandam
214 543 293 565 ¹conferri
309 547 393 565 coeptum
412 548 447 564 εει,
466 543 515 561 viros
536 544 598 561 doctos
615 544 663 566 leges

97 576 152 589 certas
169 577 215 594 quae
234 571 292 588 adhuc
311 571 370 588 minus
391 571 461 589 fuerant
480 571 497 589 in
513 576 598 595 promptu
613 571 662 589 inve-

97 600 144 617 nisse
158 604 296 617 consentaneum
308 604 339 617 est.
356 601 416 623 Atque
432 600 454 618 de
471 600 539 618 Holtzii
556 600 615 617 libro'
633 600 661 618 vix

98 628 197 651 quidquam
212 628 245 646 hoc
262 629 300 646 loco
317 628 444 651 proferendum
463 633 499 646 est:
521 629 558 646 iam
577 628 606 646 alii
624 628 663 646 eius

98 656 178 674 acerrimi
190 656 257 674 iudices
268 657 377 678 exstiterunt,
390 657 456 679 quibus
464 662 492 674 me
504 656 610 680 adstipulari
620 662 662 680 pro-

97 686 153 703 fiteor,
169 685 217 703 Nam
229 686 277 708 quod
289 685 333 703 mihi
346 685 419 708 quidem
431 686 463 703 hac
475 685 493 703 in
505 691 524 703 re
537 686 609 703 maximi
621 691 661 703 mo-

98 714 152 731 menti
169 713 245 733 videtur.
261 714 295 731 hnc
311 714 424 737 potissimum
440 714 524 737 neglexit:
545 714 612 737 quippe
630 714 661 738 qui

98 748 139 760 turn
150 742 230 765 exempla
242 747 343 765 congereret
354 743 486 766 copiosissime,
500 747 559 760 tamen
572 748 662 766 quaenam
674 739 676 744 Χ

98 777 161 789 causae
172 775 232 789 essent
243 771 314 789 dicendi
329 771 399 794 generis
414 771 554 794 uniuscuiusque
566 772 595 789 vix
607 777 662 795 quae-

98 805 149 818 reret.
158 800 332 818 Contra'laudandus
340 805 366 818 est
373 801 406 818 hoc
414 800 453 818 loco
462 800 537 818 maxime
543 800 661 823 Madvigius,²

98 829 162 846 deinde
177 828 288 846 Luebbertus
304 829 335 852 qui
353 833 421 852 praeter
434 829 485 846 illum
497 828 519 846 de
531 834 566 849 quo
578 827 662 845 disseruit

99 856 199 879 Madvigius
223 857 282 874 locum
305 856 338 874 sibi
361 857 437 879 sumpsit
458 857 514 874 alium
535 856 593 874 adhuc
612 856 663 873 valde

99 884 195 902 dubium.³
219 884 265 903 Sunt
281 884 335 902 etiam
353 884 405 902 multi
425 884 454 902 alii
471 884 502 907 qui
520 884 542 901 ad
562 884 607 901 hanc
624 889 662 901 rem

135 951 140 961 ¹
150 950 220 969 Synmxis
228 950 312 969 priscorum
323 950 413 969 sei-iptorum
424 950 506 964 latinorum
518 954 566 968 usque
577 950 596 964 ad
607 950 663 964 Teren·

99 971 143 986 tium.
152 971 212 990 Lipsiae
221 971 262 986 18⁶1.

111 998 113 1000 ¹
134 996 141 1005 ¹
151 995 173 1009 De
183 995 265 1009 formarum
275 995 388 1014 quai-undarum
399 995 441 1009 verbi
450 998 505 1009 natura
516 998 530 1009 et
541 999 569 1009 usu
578 994 661 1013 disputatio

100 1016 115 1030 in
122 1020 174 1035 opusc.
181 1016 221 1030 acad*
228 1016 253 1030 alt⁴
262 1015 331 1030 Hauniae
340 1016 381 1030 1852<

135 1040 142 1051 Ι
152 1040 220 1059 Beitrssge
230 1044 257 1054 zur
267 1040 343 1058 Tempus-
356 1040 387 1054 und
398 1040 496 1054 Muduslehre
506 1040 531 1054 des
537 1040 586 1054 alteru
594 1039 660 1054 Lateins.

101 1061 163 1076 Breslau
174 1061 216 1079 1870-
