763 1177
330 88 354 90 —
380 77 453 104 61!-

108 120 176 143 aliquid
191 120 279 137 iacturum
294 120 338 138 v'elle
354 120 432 138 indicet:
449 121 506 139 Plat.
523 127 582 145 resp.
596 123 630 146 457
646 123 671 141 C:

108 149 147 172 Λέγε
162 146 188 170 δή,
205 146 241 170 ἴδω,
256 149 290 172 ἔφη.
308 149 341 167 Cui
358 149 421 166 rationi
440 150 491 172 plane
506 151 602 173 respondet
618 151 672 168 Plau-

108 177 144 195 tina
162 177 197 194 illis
216 177 290 200 quidem
306 177 361 195 locis.
382 178 449 195 Contra
468 178 530 196 dubito
548 183 591 196 num
608 180 672 197 eodem

108 206 163 223 modo
174 206 297 223 coniunctivus
311 206 425 229 explicandus
440 206 463 223 sit
478 207 532 224 Rud.
549 208 595 225 580:
612 208 673 226 Eluas

108 240 131 251 an
152 240 254 257 cxungarcj
273 234 338 251 ciccum
361 240 395 251 non
417 234 520 257 i'nterduim.
544 236 603 253 Trin.
627 242 671 259 994:

108 263 192 280 Ceterum
209 263 240 286 qui
253 263 279 280 sis
293 263 324 286 qui
339 268 372 280 non
389 263 420 283 sis,
436 263 501 282 ciccum
517 269 551 281 non
566 264 669 282 interduim.

109 289 163 308 Rec't'e
175 291 247 313 quidem
259 290 324 313 aliquis
339 291 420 313 miretur,
436 297 468 308 cur
481 291 499 309 in
516 292 549 309 hoc
565 298 629 315 genere
643 293 672 310 di-

108 319 159 337 cendi
172 319 231 336 minus
243 319 299 342 polito
311 319 416 337 adhibeatur
431 320 460 337 ille
476 321 540 338 modus
557 321 588 344 qui
604 321 672 344 mitiget

108 348 145 365 vim
157 347 242 365 orationis
254 348 377 365 coniunctivus
390 348 496 370 potentialis.
516 349 558 367 Sed>
567 349 612 367 hanc
626 350 671 367 mihi

107 377 170 394 videor
184 382 256 394 causam
274 382 335 394 veram
353 376 431 399 proferre
449 383 507 400 posse,
525 378 573 400 quod
589 379 611 396 ad
628 384 671 396 con-

108 405 207 423 iunctivum
223 405 327 428 ponendum
351 405 406 422 valuit
424 411 469 428 quae
484 406 555 429 saepius
573 407 590 424 in
605 412 670 430 genere

108 434 192 452 Plautino
207 434 277 451 dicendi
294 438 366 456 apparet
383 434 409 451 vis
420 434 561 452 assimilationis.

152 463 190 480 Iam
207 467 226 479 ut
242 462 263 479 ad
283 462 373 479 enuntiata
392 463 496 480 secundaria
515 467 631 485 transeamus,
652 464 669 481 id

107 492 183 509 maxime
195 495 221 514 est
232 491 331 508 cavendum
348 496 370 508 ne
386 491 494 508 coniunctivi
512 492 555 509 tales
567 492 670 515 qui.struc—

106 525 146 538 tura
158 520 327 542 enuntiatorumque
339 519 464 537 coniunctione
481 520 585 542 efficiantur,
603 526 635 543 pro
648 521 670 538 iis

107 549 206 566 habeantur
217 548 248 570 qui
261 547 308 565 vices
319 552 371 570 agant
387 547 477 565 indicativi
495 548 556 565 futuri.
577 548 612 567 Sed
629 553 670 567 sunt

106 582 163 595 certae
175 576 252 594 rationes
268 582 288 594 ex
304 576 369 599 quibus
386 581 453 594 certum
469 577 501 594 hac
516 577 533 594 in
551 582 569 594 re
584 577 669 595 iudicium

106 605 190 628 consequi
208 605 270 628 possit.
286 605 333 622 Nam
345 605 420 622 omnino
433 605 451 622 id
464 605 546 622 contendi
559 610 616 628 potest
627 612 669 623 con-

106 634 212 655 iuncrivum,
221 634 253 651 etsi
266 639 318 656 saepe
329 633 456 651 assimilatione
466 638 553 655 nascatur,
562 638 621 652 tamen
631 640 669 652 ma-

105 663 152 680 xime
164 663 182 680 in
195 663 216 680 iis
228 662 331 683 enuntiatis,
343 668 389 684 quae
401 662 477 679 habeant
489 667 561 679 sensum
573 662 668 681 futuralem

106 691 188 708 inveniri.
202 690 300 709 Ordiamur
312 691 334 708 ab
346 690 443 708 enuntiatis
457 691 592 713 temporalibus.
609 692 669 714 Atque

107 720 184 742 Langius
196 720 269 742 quidem
281 719 324 737 locis
336 719 424 742 congestis
435 719 563 736 demonstravit
574 720 591 741 (a
604 725 621 742 p⁴
632 716 668 743 37),

105 748 216 765 enuntiatum
229 747 326 770 temporale
341 747 363 765 ad
378 747 457 764 futurum
473 751 543 770 tempus
559 752 640 771 spectans
653 748 668 765 si

105 776 190 799 penderet
210 781 230 792 ex
247 775 338 799 enuntiato
359 775 464 792 secundario
476 775 525 797 quod
544 775 608 793 habeat
624 781 669 793 con-

105 804 210 825 iuncrivum,
229 809 281 826 saepe
301 807 318 820 et
337 803 396 826 ipsum
420 803 554 820 coniunctivum
573 804 668 826 exhibere;

104 837 157 856 atque
170 838 239 855 semper
246 832 326 855 quidem,
335 832 349 849 si
359 831 474 849 intercederet
482 832 528 849 inter
540 836 598 854 partes
610 832 668 850 e'nun-

104 861 142 879 tiati
161 861 268 880 secundarii,
287 866 339 883 saepe
357 865 424 881 autem,
443 860 457 877 si
478 865 586 883 sequeretur.
609 861 668 879 Nobis

105 894 158 907 restat
170 894 188 907 ut
205 889 295 906 nonnullis
310 889 394 912 exemplis
412 889 510 906 accuratius
525 889 668 907 demonstremus

104 919 149 935 hanc
173 918 319 935 assimilationem
343 917 430 940 proficisci
453 923 473 935 ex
493 918 598 940 cognatione
621 924 668 941 quae

103 947 164 964 futuro
183 946 274 964 intercedit
291 952 332 963 cum
352 946 471 963 coniunctivo.
496 947 536 964 Hoc
556 952 576 963 ea
599 952 617 963 re
636 946 667 963 de-

104 980 218 996 monstratur,
235 975 283 998 quod
296 975 314 992 in
330 974 425 992 enuntiatis
437 974 566 997 temporalibus
581 974 603 992 ad
616 980 666 997 prae-

103 1004 174 1021 teritum
195 1008 264 1026 tempus
288 1003 407 1026 spectantibus
431 1003 560 1020 assimimilatio
584 1009 619 1020 non
640 1003 665 1024 fit,
689 1010 691 1012 ·

102 1033 134 1050 etsi
164 1033 236 1050 eaedem
262 1032 374 1049 condiciones
399 1031 458 1049 adsint
483 1037 529 1054 quae
559 1037 569 1049 a
597 1032 666 1054 Langio

103 1066 144 1079 sunt
162 1061 254 1078 indicatae.
275 1061 322 1078 Nam
340 1060 354 1077 si
377 1060 454 1078 maxime
473 1060 596 1077 coniunctivus
615 1065 666 1083 repe-
