763 1177
320 70 443 89 -14-

98 113 176 131 maxime
188 113 209 130 de
221 118 274 130 causa
286 113 336 130 attuli
349 117 369 130 ut
381 118 448 130 novum
460 107 559 135 imperfecti
571 112 664 136 quoddam

97 147 154 164 genus
165 142 318 163 demonstrarem3
331 145 373 159 nam
385 147 418 164 per
429 147 447 159 se
459 141 502 159 haec
511 141 613 164 imperfecta
621 141 665 158 satis

97 170 182 193 explicari
198 174 273 193 possunt
289 170 319 191 ita,
340 174 359 187 ut
378 170 423 187 ratio
438 176 475 187 non
491 170 577 187 habemur
591 169 665 192 perfecti

99 199 225 222 praecedentis.
239 199 303 217 Unurn
311 199 354 216 illud
362 199 425 216 docere
433 199 481 216 volui
489 203 599 222 quantopere
609 198 666 216 Plau-

100 232 129 245 tus
140 227 227 245 studuerit
239 227 309 245 dicendi
324 233 379 251 genus
392 233 462 250 semper
473 227 549 249 variare,
563 232 600 250 quo
613 232 666 249 prae-

101 256 172 273 beretur
184 255 250 279 species
264 256 352 278 quaedam
366 256 461 273 alacritatis
476 260 529 278 atque
545 256 589 273 adeo
604 255 667 273 celeri-

100 284 142 302 tatis
164 284 182 301 in
204 284 300 307 loquendo.
322 284 438 303 Commutato
460 284 508 302 enim
527 289 607 307 tempore
628 288 667 301 tam

102 312 194 336 repentino
214 312 316 330 indicantur
334 313 388 330 etiam
407 313 472 330 celeres
491 312 581 336 cogitandi
596 312 668 329 vicissi—

101 341 183 359 tudines:
201 341 267 364 quibus
279 345 331 364 poeta
343 341 377 358 nisi
391 341 493 363 studuisset,
509 347 541 359 cur
554 347 591 359 non
603 341 668 358 eodern

103 370 143 387 iure
157 370 237 387 dicturus
248 374 296 387 erat:
310 374 354 391 ,erat
365 370 441 387 servitus
453 370 534 387 molesta‘
547 370 604 392 (Cap.
617 370 668 393 ¹²72)

102 398 130 415 vel
143 398 257 419 ‚metuebam‘
270 398 328 421 (ibid.
339 399 379 421 50²)
391 399 418 416 vel
430 399 509 420 ,latebav
518 399 581 420 (Trin.
591 399 631 421 925)
640 398 668 416 vel

103 431 161 448 ,erant
172 427 246 444 carinra‘
259 427 282 449 (Α
288 427 315 444 ul.
330 427 369 449 316)
382 427 409 445 vel
419 427 509 449 ‚sciebam⁴
518 427 591 449 (Poen.
607 426 668 450 1390?

150 455 246 472 Rationem
268 455 317 473 enim
340 456 355 473 si
377 456 458 478 quaeris4
482 461 517 473 non
540 456 602 473 minus
624 456 668 473 bene

104 488 201 506 poneretur
221 484 343 507 imperfectum
362 484 390 502 his
411 484 454 502 locis
468 490 500 507 pro
521 484 603 507 perfecto.
619 484 669 502 Con-

104 516 132 529 tra
143 512 245 534 Terentius,
261 512 292 535 qui
305 513 392 530 sedatiore
408 518 471 536 genere
485 512 555 530 dicendi
570 513 631 534 utitur,
647 512 680 537 alaz

105 540 138 558 hac
161 540 244 558 varietate
267 541 334 559 alienus
353 542 407 559 fuisse
430 541 511 563 videtum
531 541 576 558 mihi
595 540 669 564 quidem

104 569 192 591 exempla,
209 575 254 592 quae
269 575 310 587 cum
325 570 352 587 his
367 574 412 587 recte
424 570 524 593 comparari
536 569 610 592 possint,
627 573 670 586 nota

106 603 142 614 non
161 602 207 615 sunt.
229 598 295 619 Immo,
315 599 330 616 si
347 599 475 621 perlustramus
493 598 541 615 locos
556 598 587 621 qui
603 602 671 615 exstant

106 626 176 644 Andr.
193 627 268 650 89-—92‚
286 627 341 645 Eun.
361 627 459 649 111—113,
474 627 567 645 Phurm.
583 627 625 650 595,
640 632 672 649 ap-

106 659 156 677 paret
171 655 276 673 Terentium
289 656 306 673 in
321 661 341 673 eo
353 661 418 679 genere
432 655 502 673 dicendi
515 661 525 672 a
537 661 574 678 quo
586 655 673 678 inceperit

107 683 185 701 haerere.

153 713 212 735 Atque
220 712 252 730 hac
264 712 337 735 quidem
350 713 417 730 ratione
429 712 509 730 studium
522 712 601 730 variandi
613 712 671 730 valere

108 741 200 758 videmus:
216 741 265 764 quod
278 741 368 759 interdum
383 747 403 759 ea
419 741 441 759 de
455 747 508 758 causa
524 746 625 763 repressum
639 745 671 761 est.

107 770 157 792 quod
176 770 288 787 consuetudo
308 770 395 787 sermonis
414 770 498 787 cotidiani
515 774 561 787 certa
576 769 673 787 inclinabat

108 798 131 815 ad
148 803 204 815 unurn
220 803 276 821 genus
291 798 362 815 dicendi
377 798 405 820 (cf.
421 804 438 821 p.
452 798 475 820 6).
493 797 536 820 Qua
552 798 573 815 de
588 803 640 815 causa
654 797 674 815 fit

110 831 135 847 ut,
154 826 169 843 si
190 826 231 849 quis
249 827 298 849 quod
318 826 362 844 dixit
378 827 466 849 corrigere
485 826 529 846 vult,
549 832 618 849 semper
637 826 673 843 fere

77 868 79 870 .
109 854 215 872 adhibeatur
230 855 295 872 locutio
312 855 341 872 illa
358 855 414 876 ,volui
427 855 508 872 dicere‘.¹
531 855 555 872 Hi
571 859 613 872 sunt
628 855 672 872 loci:

110 883 190 906 Amph⁴
216 883 259 905 384:
284 884 332 901 Nam
354 883 494 906 Amphitruonis
517 883 584 901 socium
607 883 674 900 dudum

110 918 137 929 me
148 917 184 929 esse
196 912 245 929 volui
256 912 320 929 dicere.
337 912 387 929 Cas.
402 912 447 929 262:
463 912 504 929 Non
517 911 536 929 id
548 911 597 931 volui
608 911 673 929 dicere.

111 940 160 957 Mil.
173 940 227 963 glor.
241 945 274 962 27:
287 940 332 957 Illut
343 940 403 957 dicere
414 939 469 960 volui,
478 939 548 962 femur.
564 939 620 957 Ibid.
629 939 673 962 819:

111 968 156 986 Illut
169 969 238 989 stertit,
254 968 304 986 volui
317 968 382 986 dicere.
398 969 465 985 Most.
479 968 523 986 830:
537 968 582 985 Illut
596 967 673 991 quidem,

110 999 131 1014 ut
143 997 228 1018 conivent,
241 997 290 1014 volui
301 996 365 1014 dicere.
384 996 466 1014 Pseud.
480 1003 525 1019 711:
538 996 615 1014 Adduxi
626 995 675 1015 volui

149 1064 154 1075 ι
164 1064 186 1079 ef.
195 1064 271 1079 ffisseheffi
279 1069 303 1083 op.
311 1064 330 1082 11,
337 1064 370 1082 438Δ
