763 1177
106 110 185 128 studium
197 115 306 133 operamque
319 110 436 131 contulerint;
448 115 494 133 quos
509 115 613 128 enumerare
629 116 670 127 curn

107 139 179 162 longum
193 138 222 160 sit,
238 144 271 156 suo
287 138 363 161 quisque
379 138 425 160 loco,
438 138 452 155 si
466 138 510 161 quid
529 139 577 161 quod
593 139 615 156 ad
629 145 670 162 pro·-

98 178 99 183 η
105 167 183 189 positum
200 171 281 184 nostrum
298 171 364 189 spectet
383 167 470 187 attulerit,
491 167 611 184 nominandus
630 167 669 184 erit.

105 197 189 213 Attamen
212 196 234 213 de
257 201 293 213 uno
305 196 358 221 *libro
379 195 439 218 paullo
458 195 515 213 fusius
534 194 621 219 eitponere
640 202 671 214 ne-

105 230 153 242 cesse
168 228 199 241 est.
217 224 312 247 Langenus
328 224 375 241 enim
392 224 409 241 in
427 230 448 242 eo
463 224 509 241 libro
523 224 555 247 qui
569 224 671 242 inscribitur

106 252 237 274 -Plautinisphe
254 252 339 271 Studien·
354 253 442 275 (Berolini
457 253 514 275 1887),
532 253 550 270 id
568 253 636 270 studuit
652 257 671 270 ut

98 281 136 304 =qui
148 287 210 299 versus
221 286 279 299 essent
290 281 363 305 genuini
374 281 441 304 quique
453 286 523 304 postero
535 285 616 304 tempore
629 287 670 299 cum

105 314 240 330 retractarentur
257 310 327 328 fabulae
344 310 437 328 Plautinae
449 310 504 328 additi
517 314 582 331 essent,
595 316 616 328 ex
627 315 670 328 tota·

105 343 145 355 rum
157 338 258 356 fabularum
270 336 399 361 compositione
414 339 522 362 anquireret.
538 338 585 357 Sane
599 339 671 356 difficile

105 373 150 390 opus
165 371 217 390 atque
232 367 261 385 vix
276 367 298 385 ad
313 367 367 384 finem
385 367 519 390 perducendum
531 373 625 390 aggressus
638 372 671 389 est,

105 400 151 415 cum,
162 395 202 412 talis
218 395 308 412 iudicandi
325 395 377 416 ratio,
393 395 475 418 quamvis
494 401 526 418 per
545 401 564 412 se
583 395 606 413 sit
622 401 671 417 vera,

104 423 154 440 facile
166 423 212 440 ultra
227 423 271 440 fines
284 423 371 447 legitimos
383 424 463 446 prodeat.
477 423 538 446 Itaque
551 429 592 441 cum
604 424 626 441 de
638 424 672 442 hac

105 457 123 468 re
135 451 177 468 certi
194 451 294 474 quidquam
311 451 386 474 proferri
399 450 479 469 nondum
495 456 560 475 posset,
573 458 583 469 a
595 458 624 470 me
636 452 671 470 im-

104 484 172 503 petrare
189 486 226 497 non
241 480 291 503 potui
309 485 328 497 ut
343 486 374 498 eos
391 486 459 502 versus,
476 486 522 503 quos
539 481 634 503 Langenus
652 481 671 498 in

104 508 225 531 suspicionem
237 509 312 530 vocavit,
325 509 449 532 exemplorum
461 515 536 535 numero
549 509 670 527 secluderem:

95 535 138 553 ‘nisi
151 536 199 559 quod
214 536 232 554 in
250 537 341 554 nonnullis
357 537 438 554 versibus
454 542 495 554 cum
508 537 567 555 minus
579 538 671 560 vulgarem

104 569 205 587 temporum
223 570 277 582 usum
292 565 383 586 haberent,
396 565 459 588 Langii
473 565 571 583 sententiae
583 566 671 583 rationem

104 593 165 610 habui.
503 611 505 613 ,

149 621 213 644 Neque
225 621 328 639 mirandum
338 622 387 644 quod
396 622 484 639 Plautinis
491 622 569 639 aliorum
577 627 671 640 auctorum

104 650 184 672 exempla
199 650 279 668 subtexta
295 655 341 667 sunt.
367 651 415 668 Nam
430 651 462 668 hac
479 651 556 668 maxime
567 655 623 668 aetate
636 651 670 669 hoc

104 683 129 696 est
148 679 238 702 cognitum
254 679 278 696 ita
292 679 365 696 demum
380 679 469 702 syntaxim
483 685 529 702 quae
545 685 586 697 vere
600 680 670 697 dicatur

104 707 208 725 historicam
224 708 272 725 nasci
288 713 348 730 posse,
367 712 387 725 ut
404 712 498 725 auctorum
516 714 580 731 genera
598 708 669 726 dicendi

103 736 149 753 inter
161 741 179 753 se
191 741 323 758 comparentur.
335 737 420 754 Attamen
432 742 474 754 cum
482 737 593 754 comicorum
601 737 667 754 solum*
687 739 689 741 “

103 764 157 782 modo
174 765 286 788 maximeque
302 764 389 786 Terentii,
406 765 470 782 deinde
487 765 579 783 Ciceronis
597 770 621 783 ut·
632 765 670 788 epi-

103 793 190 810 stularum
208 793 285 810 auctoris
301 793 349 810 locos
365 793 424 814 citavi,
440 793 459 810 in
473 799 536 811 eorum
550 799 626 811 numero
641 799 669 811 me

103 822 182 839 continui
197 822 235 844 qui,
252 826 271 839 ut
287 822 325 845 ipse
340 822 423 843 Plautus,
437 822 465 839 usi
478 827 519 839 sunt
531 828 613 840 sermone
626 822 669 840 coti-

94 848 161 868 diano.
180 851 239 868 Etiam
253 851 302 868 aliud
319 851 352 868 hoc
367 851 406 868 loco
421 851 575 874 praemonendum
587 852 668 873 videtum

102 879 172 902 saepius
188 879 236 896 enim
249 885 292 896 usus
308 884 348 896 sum
365 885 386 897 ea
402 879 498 901 locutione,
518 880 598 903 aliquam
619 880 668 897 verbi

102 907 179 925 formam
191 913 224 930 pro
236 907 269 925 alia
281 907 374 925 substitui:
388 908 436 931 quod
448 913 519 931 semper
529 914 549 925 ex
559 914 592 926 usu
600 909 668 931 vulgari

102 939 128 952 est
140 935 214 957 dictum,
224 935 299 953 minime
312 941 354 953 vero
369 936 400 958 ita,
413 941 432 953 ut
445 936 520 954 Plautus
532 941 563 959 per
576 942 594 954 se
606 937 669 954 vitiose

102 967 119 980 et
135 963 179 982 falso
194 963 254 986 aliquo
269 968 349 987 tempore
366 964 389 981 sit
409 970 463 986 usus;
479 964 537 982 ullum
551 964 600 982 enim
612 970 668 987 genus

75 989 77 991 '
102 991 172 1009 dicendi
184 992 288 1009 Plautinum
298 994 356 1010 carere
365 992 433 1010 ratione
441 993 516 1010 omnino
523 997 550 1010 est
560 993 668 1016 negandum-
