<?xml version="1.0" encoding="UTF-8"?>
<!DOCTYPE html PUBLIC "-//W3C//DTD XHTML 1.0 Transitional//EN"
    "http://www.w3.org/TR/xhtml1/DTD/xhtml1-transitional.dtd">
<html xmlns="http://www.w3.org/1999/xhtml" xml:lang="en" lang="en">
 <head>
  <title>
</title>
<meta http-equiv="Content-Type" content="text/html;charset=utf-8" />
  <meta name='ocr-system' content='tesseract 3.04.00' />
  <meta name='ocr-capabilities' content='ocr_page ocr_carea ocr_par ocr_line ocrx_word'/>
</head>
<body>
  <div class='ocr_page' id='page_1' title='image "./detemporumusupl01rodegoog_0036.png"; bbox 0 0 763 1177; ppageno 0'>
   <div class='ocr_carea' id='block_1_1' title="bbox 101 54 678 1059">
    <p class='ocr_par' dir='ltr' id='par_1_1' title="bbox 101 54 678 1059">
     <span class='ocr_line' id='line_1_1' title="bbox 324 54 446 73; baseline 0 -5"><span class='ocrx_word' id='word_1_1' title='bbox 324 64 348 68; x_wconf 70' lang='lat'>.-</span> <span class='ocrx_word' id='word_1_2' title='bbox 373 54 397 73; x_wconf 61' lang='lat'>32</span> <span class='ocrx_word' id='word_1_3' title='bbox 422 65 446 68; x_wconf 85' lang='lat'><em>-</em></span> 
     </span>
     <span class='ocr_line' id='line_1_2' title="bbox 102 97 668 121; baseline -0.002 -6"><span class='ocrx_word' id='word_1_4' title='bbox 102 98 254 121; x_wconf 75' lang='lat' dir='ltr'>quampersectum</span> <span class='ocrx_word' id='word_1_5' title='bbox 267 98 305 115; x_wconf 83' lang='lat' dir='ltr'>sine</span> <span class='ocrx_word' id='word_1_6' title='bbox 320 97 388 115; x_wconf 81' lang='lat' dir='ltr'>ratione</span> <span class='ocrx_word' id='word_1_7' title='bbox 403 97 483 120; x_wconf 84' lang='lat' dir='ltr'>ponitur,</span> <span class='ocrx_word' id='word_1_8' title='bbox 499 103 545 120; x_wconf 77' lang='lat' dir='ltr'>quae</span> <span class='ocrx_word' id='word_1_9' title='bbox 557 102 584 115; x_wconf 84' lang='lat' dir='ltr'>est</span> <span class='ocrx_word' id='word_1_10' title='bbox 595 103 616 114; x_wconf 80' lang='lat' dir='ltr'>ex</span> <span class='ocrx_word' id='word_1_11' title='bbox 629 97 668 114; x_wconf 79' lang='lat' dir='ltr'>dia-</span> 
     </span>
     <span class='ocr_line' id='line_1_3' title="bbox 102 126 667 149; baseline -0.002 -6"><span class='ocrx_word' id='word_1_12' title='bbox 102 126 137 149; x_wconf 83' lang='lat' dir='ltr'>logi</span> <span class='ocrx_word' id='word_1_13' title='bbox 152 130 214 143; x_wconf 75' lang='lat' dir='ltr'>natura</span> <span class='ocrx_word' id='word_1_14' title='bbox 226 126 327 148; x_wconf 72' lang='lat' dir='ltr'>repetenda.</span> <span class='ocrx_word' id='word_1_15' title='bbox 344 126 393 143; x_wconf 74' lang='lat' dir='ltr'>Nam</span> <span class='ocrx_word' id='word_1_16' title='bbox 405 131 447 143; x_wconf 81' lang='lat' dir='ltr'>cum</span> <span class='ocrx_word' id='word_1_17' title='bbox 459 126 540 149; x_wconf 81' lang='lat' dir='ltr'>dialogus</span> <span class='ocrx_word' id='word_1_18' title='bbox 552 131 584 149; x_wconf 87' lang='lat' dir='ltr'>per</span> <span class='ocrx_word' id='word_1_19' title='bbox 596 130 667 148; x_wconf 85' lang='lat' dir='ltr'>tempus</span> 
     </span>
     <span class='ocr_line' id='line_1_4' title="bbox 102 151 666 178; baseline 0 -6"><span class='ocrx_word' id='word_1_20' title='bbox 102 155 191 178; x_wconf 82' lang='lat' dir='ltr'>procedat,</span> <span class='ocrx_word' id='word_1_21' title='bbox 213 155 232 172; x_wconf 83' lang='lat' dir='ltr'>fit</span> <span class='ocrx_word' id='word_1_22' title='bbox 250 159 269 172; x_wconf 90' lang='lat' dir='ltr'>ut</span> <span class='ocrx_word' id='word_1_23' title='bbox 282 160 313 172; x_wconf 77' lang='lat' dir='ltr'>eae</span> <span class='ocrx_word' id='word_1_24' title='bbox 329 160 356 172; x_wconf 81' lang='lat' dir='ltr'>res</span> <span class='ocrx_word' id='word_1_25' title='bbox 372 151 494 177; x_wconf 74' lang='lat' dir='ltr'>quae‘priore</span> <span class='ocrx_word' id='word_1_26' title='bbox 509 154 570 177; x_wconf 77' lang='lat' dir='ltr'>aliquo</span> <span class='ocrx_word' id='word_1_27' title='bbox 587 159 666 177; x_wconf 80' lang='lat' dir='ltr'>tempore</span> 
     </span>
     <span class='ocr_line' id='line_1_5' title="bbox 102 183 666 206; baseline 0 -6"><span class='ocrx_word' id='word_1_28' title='bbox 102 183 156 201; x_wconf 79' lang='lat' dir='ltr'>sactae</span> <span class='ocrx_word' id='word_1_29' title='bbox 173 183 206 200; x_wconf 86' lang='lat' dir='ltr'>vel·</span> <span class='ocrx_word' id='word_1_30' title='bbox 221 183 277 201; x_wconf 80' lang='lat' dir='ltr'>dictae</span> <span class='ocrx_word' id='word_1_31' title='bbox 292 187 333 200; x_wconf 89' lang='lat' dir='ltr'>sunt</span> <span class='ocrx_word' id='word_1_32' title='bbox 354 183 390 200; x_wconf 77' lang='lat' dir='ltr'>sint</span> <span class='ocrx_word' id='word_1_33' title='bbox 411 183 525 206; x_wconf 58' lang='lat' dir='ltr'>praeteritae,</span> <span class='ocrx_word' id='word_1_34' title='bbox 544 188 585 201; x_wconf 86' lang='lat' dir='ltr'>cum</span> <span class='ocrx_word' id='word_1_35' title='bbox 604 188 666 201; x_wconf 79' lang='lat' dir='ltr'>earum</span> 
     </span>
     <span class='ocr_line' id='line_1_6' title="bbox 101 212 665 235; baseline 0 -6"><span class='ocrx_word' id='word_1_36' title='bbox 101 217 181 235; x_wconf 76' lang='lat' dir='ltr'>tempore</span> <span class='ocrx_word' id='word_1_37' title='bbox 195 212 292 235; x_wconf 82' lang='lat' dir='ltr'>posteriore</span> <span class='ocrx_word' id='word_1_38' title='bbox 307 212 325 229; x_wconf 79' lang='lat' dir='ltr'>fit</span> <span class='ocrx_word' id='word_1_39' title='bbox 341 212 413 229; x_wconf 81' lang='lat' dir='ltr'>mentio.</span> <span class='ocrx_word' id='word_1_40' title='bbox 430 213 489 235; x_wconf 82' lang='lat' dir='ltr'>Atque</span> <span class='ocrx_word' id='word_1_41' title='bbox 505 212 520 229; x_wconf 82' lang='lat' dir='ltr'>is</span> <span class='ocrx_word' id='word_1_42' title='bbox 536 212 568 235; x_wconf 86' lang='lat' dir='ltr'>qui</span> <span class='ocrx_word' id='word_1_43' title='bbox 581 212 665 235; x_wconf 74' lang='lat' dir='ltr'>loquitur,</span> 
     </span>
     <span class='ocr_line' id='line_1_7' title="bbox 101 240 666 263; baseline -0.002 -5"><span class='ocrx_word' id='word_1_44' title='bbox 101 241 116 258; x_wconf 77' lang='lat' dir='ltr'>si</span> <span class='ocrx_word' id='word_1_45' title='bbox 140 241 172 258; x_wconf 82' lang='lat' dir='ltr'>hoc</span> <span class='ocrx_word' id='word_1_46' title='bbox 198 240 295 263; x_wconf 79' lang='lat' dir='ltr'>exprimere</span> <span class='ocrx_word' id='word_1_47' title='bbox 316 240 354 257; x_wconf 84' lang='lat' dir='ltr'>vult</span> <span class='ocrx_word' id='word_1_48' title='bbox 378 240 453 257; x_wconf 87' lang='lat' dir='ltr'>omnino</span> <span class='ocrx_word' id='word_1_49' title='bbox 476 240 544 263; x_wconf 72' lang='lat' dir='ltr'>aliquid</span> <span class='ocrx_word' id='word_1_50' title='bbox 567 240 590 257; x_wconf 79' lang='lat' dir='ltr'>ad</span> <span class='ocrx_word' id='word_1_51' title='bbox 612 240 666 257; x_wconf 88' lang='lat' dir='ltr'>dialo-</span> 
     </span>
     <span class='ocr_line' id='line_1_8' title="bbox 101 268 665 292; baseline 0 -6"><span class='ocrx_word' id='word_1_52' title='bbox 101 274 144 292; x_wconf 81' lang='lat' dir='ltr'>gum</span> <span class='ocrx_word' id='word_1_53' title='bbox 161 269 251 292; x_wconf 78' lang='lat' dir='ltr'>pertinens</span> <span class='ocrx_word' id='word_1_54' title='bbox 268 274 306 286; x_wconf 80' lang='lat' dir='ltr'>esse</span> <span class='ocrx_word' id='word_1_55' title='bbox 322 269 443 291; x_wconf 75' lang='lat' dir='ltr'>praeteritum,</span> <span class='ocrx_word' id='word_1_56' title='bbox 466 268 543 292; x_wconf 76' lang='lat' dir='ltr'>perfecto</span> <span class='ocrx_word' id='word_1_57' title='bbox 559 268 614 286; x_wconf 85' lang='lat' dir='ltr'>utitur</span> <span class='ocrx_word' id='word_1_58' title='bbox 631 269 665 289; x_wconf 72' lang='lat' dir='ltr'>vel,</span> 
     </span>
     <span class='ocr_line' id='line_1_9' title="bbox 102 296 665 319; baseline 0 -6"><span class='ocrx_word' id='word_1_59' title='bbox 102 296 151 319; x_wconf 85' lang='lat' dir='ltr'>quod</span> <span class='ocrx_word' id='word_1_60' title='bbox 169 302 186 319; x_wconf 85' lang='lat' dir='ltr'>p.</span> <span class='ocrx_word' id='word_1_61' title='bbox 208 302 227 319; x_wconf 85' lang='lat'>¹9</span> <span class='ocrx_word' id='word_1_62' title='bbox 242 296 363 319; x_wconf 77' lang='lat' dir='ltr'>exposuimus,</span> <span class='ocrx_word' id='word_1_63' title='bbox 379 296 477 319; x_wconf 81' lang='lat' dir='ltr'>praesenti:</span> <span class='ocrx_word' id='word_1_64' title='bbox 497 296 523 313; x_wconf 93' lang='lat' dir='ltr'>sin</span> <span class='ocrx_word' id='word_1_65' title='bbox 536 301 596 313; x_wconf 76' lang='lat' dir='ltr'>aurem</span> <span class='ocrx_word' id='word_1_66' title='bbox 608 296 665 319; x_wconf 84' lang='lat' dir='ltr'>expri-</span> 
     </span>
     <span class='ocr_line' id='line_1_10' title="bbox 102 325 666 348; baseline 0 -6"><span class='ocrx_word' id='word_1_67' title='bbox 102 325 186 342; x_wconf 90' lang='lat' dir='ltr'>mendum</span> <span class='ocrx_word' id='word_1_68' title='bbox 201 329 235 346; x_wconf 65' lang='lat' dir='ltr'>est,</span> <span class='ocrx_word' id='word_1_69' title='bbox 250 325 317 348; x_wconf 76' lang='lat' dir='ltr'>aliquid</span> <span class='ocrx_word' id='word_1_70' title='bbox 333 325 355 342; x_wconf 80' lang='lat' dir='ltr'>ab</span> <span class='ocrx_word' id='word_1_71' title='bbox 371 330 391 342; x_wconf 74' lang='lat' dir='ltr'>ea</span> <span class='ocrx_word' id='word_1_72' title='bbox 406 330 424 342; x_wconf 84' lang='lat' dir='ltr'>re</span> <span class='ocrx_word' id='word_1_73' title='bbox 438 330 484 347; x_wconf 76' lang='lat' dir='ltr'>quae</span> <span class='ocrx_word' id='word_1_74' title='bbox 500 330 583 347; x_wconf 79' lang='lat' dir='ltr'>praesens</span> <span class='ocrx_word' id='word_1_75' title='bbox 599 329 626 342; x_wconf 72' lang='lat' dir='ltr'>esr</span> <span class='ocrx_word' id='word_1_76' title='bbox 642 325 666 342; x_wconf 89' lang='lat' dir='ltr'>lo-</span> 
     </span>
     <span class='ocr_line' id='line_1_11' title="bbox 101 352 666 376; baseline 0 -6"><span class='ocrx_word' id='word_1_77' title='bbox 101 353 162 376; x_wconf 72' lang='lat' dir='ltr'>quenti</span> <span class='ocrx_word' id='word_1_78' title='bbox 178 359 214 370; x_wconf 91' lang='lat' dir='ltr'>non</span> <span class='ocrx_word' id='word_1_79' title='bbox 228 353 308 376; x_wconf 83' lang='lat' dir='ltr'>proxime</span> <span class='ocrx_word' id='word_1_80' title='bbox 320 353 387 373; x_wconf 75' lang='lat' dir='ltr'>abesse,</span> <span class='ocrx_word' id='word_1_81' title='bbox 404 353 434 370; x_wconf 79' lang='lat' dir='ltr'>sed</span> <span class='ocrx_word' id='word_1_82' title='bbox 449 352 493 370; x_wconf 78' lang='lat' dir='ltr'>alias</span> <span class='ocrx_word' id='word_1_83' title='bbox 508 353 530 370; x_wconf 75' lang='lat' dir='ltr'>ad</span> <span class='ocrx_word' id='word_1_84' title='bbox 542 352 612 376; x_wconf 79' lang='lat' dir='ltr'>dialogi</span> <span class='ocrx_word' id='word_1_85' title='bbox 623 357 666 370; x_wconf 86' lang='lat' dir='ltr'>tem-</span> 
     </span>
     <span class='ocr_line' id='line_1_12' title="bbox 102 381 667 404; baseline -0.002 -5"><span class='ocrx_word' id='word_1_86' title='bbox 102 387 136 404; x_wconf 87' lang='lat' dir='ltr'>pus</span> <span class='ocrx_word' id='word_1_87' title='bbox 151 382 258 404; x_wconf 79' lang='lat' dir='ltr'>pertinentes</span> <span class='ocrx_word' id='word_1_88' title='bbox 270 387 297 399; x_wconf 86' lang='lat' dir='ltr'>res</span> <span class='ocrx_word' id='word_1_89' title='bbox 313 387 351 399; x_wconf 82' lang='lat' dir='ltr'>esse</span> <span class='ocrx_word' id='word_1_90' title='bbox 366 381 472 403; x_wconf 76' lang='lat' dir='ltr'>interiectas,</span> <span class='ocrx_word' id='word_1_91' title='bbox 485 381 567 404; x_wconf 83' lang='lat' dir='ltr'>quamvis</span> <span class='ocrx_word' id='word_1_92' title='bbox 587 386 622 398; x_wconf 92' lang='lat' dir='ltr'>non</span> <span class='ocrx_word' id='word_1_93' title='bbox 637 387 667 398; x_wconf 84' lang='lat' dir='ltr'>ex—</span> 
     </span>
     <span class='ocr_line' id='line_1_13' title="bbox 102 410 666 433; baseline -0.002 -5"><span class='ocrx_word' id='word_1_94' title='bbox 102 411 167 433; x_wconf 79' lang='lat' dir='ltr'>pressis</span> <span class='ocrx_word' id='word_1_95' title='bbox 186 411 245 428; x_wconf 78' lang='lat' dir='ltr'>verbis</span> <span class='ocrx_word' id='word_1_96' title='bbox 268 416 289 428; x_wconf 86' lang='lat' dir='ltr'>eo</span> <span class='ocrx_word' id='word_1_97' title='bbox 310 410 351 433; x_wconf 84' lang='lat' dir='ltr'>ipso</span> <span class='ocrx_word' id='word_1_98' title='bbox 372 411 411 428; x_wconf 80' lang='lat' dir='ltr'>loco</span> <span class='ocrx_word' id='word_1_99' title='bbox 433 414 605 431; x_wconf 80' lang='lat' dir='ltr'>commemorentur,</span> <span class='ocrx_word' id='word_1_100' title='bbox 628 410 666 427; x_wconf 89' lang='lat' dir='ltr'>iure</span> 
     </span>
     <span class='ocr_line' id='line_1_14' title="bbox 102 438 665 462; baseline 0 -6"><span class='ocrx_word' id='word_1_101' title='bbox 102 439 295 462; x_wconf 76' lang='lat' dir='ltr'>plusquamperfectum</span> <span class='ocrx_word' id='word_1_102' title='bbox 301 439 401 456; x_wconf 75' lang='lat' dir='ltr'>adhibetur.</span> <span class='ocrx_word' id='word_1_103' title='bbox 409 438 464 461; x_wconf 91' lang='lat' dir='ltr'>Quod</span> <span class='ocrx_word' id='word_1_104' title='bbox 472 438 573 456; x_wconf 83' lang='lat' dir='ltr'>cuiusmodi</span> <span class='ocrx_word' id='word_1_105' title='bbox 580 438 603 456; x_wconf 89' lang='lat' dir='ltr'>sit</span> <span class='ocrx_word' id='word_1_106' title='bbox 608 443 628 456; x_wconf 82' lang='lat' dir='ltr'>ut</span> <span class='ocrx_word' id='word_1_107' title='bbox 633 439 665 456; x_wconf 81' lang='lat' dir='ltr'>cla-</span> 
     </span>
     <span class='ocr_line' id='line_1_15' title="bbox 103 467 666 490; baseline 0 -6"><span class='ocrx_word' id='word_1_108' title='bbox 103 467 139 484; x_wconf 82' lang='lat' dir='ltr'>rius</span> <span class='ocrx_word' id='word_1_109' title='bbox 151 472 191 485; x_wconf 81' lang='lat' dir='ltr'>ante</span> <span class='ocrx_word' id='word_1_110' title='bbox 204 468 265 484; x_wconf 83' lang='lat' dir='ltr'>oculos</span> <span class='ocrx_word' id='word_1_111' title='bbox 278 472 361 490; x_wconf 81' lang='lat' dir='ltr'>ponatur,</span> <span class='ocrx_word' id='word_1_112' title='bbox 378 472 434 484; x_wconf 90' lang='lat' dir='ltr'>unum</span> <span class='ocrx_word' id='word_1_113' title='bbox 451 467 548 484; x_wconf 76' lang='lat' dir='ltr'>alterumve</span> <span class='ocrx_word' id='word_1_114' title='bbox 564 467 666 489; x_wconf 76' lang='lat' dir='ltr'>exemplum</span> 
     </span>
     <span class='ocr_line' id='line_1_16' title="bbox 102 495 666 518; baseline 0 -5"><span class='ocrx_word' id='word_1_115' title='bbox 102 495 200 513; x_wconf 75' lang='lat' dir='ltr'>accuratius</span> <span class='ocrx_word' id='word_1_116' title='bbox 222 496 237 513; x_wconf 86' lang='lat' dir='ltr'>si</span> <span class='ocrx_word' id='word_1_117' title='bbox 257 496 314 518; x_wconf 71' lang='lat' dir='ltr'>placet</span> <span class='ocrx_word' id='word_1_118' title='bbox 329 496 468 513; x_wconf 81' lang='lat' dir='ltr'>consideremus.</span> <span class='ocrx_word' id='word_1_119' title='bbox 491 496 557 513; x_wconf 87' lang='lat' dir='ltr'>Most.</span> <span class='ocrx_word' id='word_1_120' title='bbox 577 496 621 518; x_wconf 80' lang='lat'>519:</span> <span class='ocrx_word' id='word_1_121' title='bbox 637 497 666 513; x_wconf 84' lang='lat' dir='ltr'>An</span> 
     </span>
     <span class='ocr_line' id='line_1_17' title="bbox 101 523 665 547; baseline 0 -5"><span class='ocrx_word' id='word_1_122' title='bbox 101 530 165 547; x_wconf 77' lang='lat' dir='ltr'>quaeso</span> <span class='ocrx_word' id='word_1_123' title='bbox 186 527 206 542; x_wconf 83' lang='lat' dir='ltr'>tu</span> <span class='ocrx_word' id='word_1_124' title='bbox 230 523 369 547; x_wconf 76' lang='lat' dir='ltr'>appellaveras?</span> <span class='ocrx_word' id='word_1_125' title='bbox 399 524 535 547; x_wconf 85' lang='lat' dir='ltr'>Theopropides</span> <span class='ocrx_word' id='word_1_126' title='bbox 560 530 606 542; x_wconf 80' lang='lat' dir='ltr'>vers.</span> <span class='ocrx_word' id='word_1_127' title='bbox 632 525 665 547; x_wconf 80' lang='lat'>⁵¹7</span> 
     </span>
     <span class='ocr_line' id='line_1_18' title="bbox 102 553 666 576; baseline 0 -6"><span class='ocrx_word' id='word_1_128' title='bbox 102 553 212 570; x_wconf 83' lang='lat' dir='ltr'>Tranionem</span> <span class='ocrx_word' id='word_1_129' title='bbox 227 553 314 576; x_wconf 82' lang='lat' dir='ltr'>appellat;</span> <span class='ocrx_word' id='word_1_130' title='bbox 326 553 390 570; x_wconf 87' lang='lat' dir='ltr'>deinde</span> <span class='ocrx_word' id='word_1_131' title='bbox 407 553 555 571; x_wconf 75' lang='lat' dir='ltr'>intercedentibus</span> <span class='ocrx_word' id='word_1_132' title='bbox 570 553 591 570; x_wconf 85' lang='lat' dir='ltr'>iis</span> <span class='ocrx_word' id='word_1_133' title='bbox 607 553 666 570; x_wconf 88' lang='lat' dir='ltr'>verbis</span> 
     </span>
     <span class='ocr_line' id='line_1_19' title="bbox 102 581 666 604; baseline 0.002 -6"><span class='ocrx_word' id='word_1_134' title='bbox 102 586 147 604; x_wconf 82' lang='lat' dir='ltr'>quae</span> <span class='ocrx_word' id='word_1_135' title='bbox 165 581 279 599; x_wconf 78' lang='lat' dir='ltr'>continentur</span> <span class='ocrx_word' id='word_1_136' title='bbox 297 587 342 599; x_wconf 86' lang='lat' dir='ltr'>vers.</span> <span class='ocrx_word' id='word_1_137' title='bbox 360 582 445 604; x_wconf 80' lang='lat'><strong>5¹7·5¹9</strong></span> <span class='ocrx_word' id='word_1_138' title='bbox 459 581 528 599; x_wconf 80' lang='lat' dir='ltr'>Tranio</span> <span class='ocrx_word' id='word_1_139' title='bbox 542 581 621 604; x_wconf 75' lang='lat' dir='ltr'>quaerit:</span> <span class='ocrx_word' id='word_1_140' title='bbox 643 587 666 598; x_wconf 84' lang='lat' dir='ltr'>an</span> 
     </span>
     <span class='ocr_line' id='line_1_20' title="bbox 102 609 666 633; baseline 0 -6"><span class='ocrx_word' id='word_1_141' title='bbox 102 615 165 633; x_wconf 75' lang='lat' dir='ltr'>quaeso</span> <span class='ocrx_word' id='word_1_142' title='bbox 177 612 196 627; x_wconf 80' lang='lat' dir='ltr'>tu</span> <span class='ocrx_word' id='word_1_143' title='bbox 209 609 343 632; x_wconf 72' lang='lat' dir='ltr'>appellaveras?</span> <span class='ocrx_word' id='word_1_144' title='bbox 355 610 400 627; x_wconf 70' lang='lat' dir='ltr'>Tria</span> <span class='ocrx_word' id='word_1_145' title='bbox 412 609 465 632; x_wconf 86' lang='lat' dir='ltr'>igitur</span> <span class='ocrx_word' id='word_1_146' title='bbox 477 609 563 632; x_wconf 77' lang='lat' dir='ltr'>temporis</span> <span class='ocrx_word' id='word_1_147' title='bbox 576 614 666 627; x_wconf 84' lang='lat' dir='ltr'>momenta</span> 
     </span>
     <span class='ocr_line' id='line_1_21' title="bbox 102 638 667 661; baseline 0 -6"><span class='ocrx_word' id='word_1_148' title='bbox 102 638 177 655; x_wconf 83' lang='lat' dir='ltr'>discerni</span> <span class='ocrx_word' id='word_1_149' title='bbox 192 642 276 660; x_wconf 87' lang='lat' dir='ltr'>possunt:</span> <span class='ocrx_word' id='word_1_150' title='bbox 292 642 363 661; x_wconf 86' lang='lat' dir='ltr'>tempus</span> <span class='ocrx_word' id='word_1_151' title='bbox 378 644 414 661; x_wconf 90' lang='lat' dir='ltr'>quo</span> <span class='ocrx_word' id='word_1_152' title='bbox 429 638 529 660; x_wconf 76' lang='lat' dir='ltr'>appellatur</span> <span class='ocrx_word' id='word_1_153' title='bbox 543 638 620 659; x_wconf 76' lang='lat' dir='ltr'>Tranio3</span> <span class='ocrx_word' id='word_1_154' title='bbox 635 639 667 656; x_wconf 84' lang='lat' dir='ltr'>de—</span> 
     </span>
     <span class='ocr_line' id='line_1_22' title="bbox 103 666 666 690; baseline 0.002 -7"><span class='ocrx_word' id='word_1_155' title='bbox 103 666 143 684; x_wconf 88' lang='lat' dir='ltr'>inde</span> <span class='ocrx_word' id='word_1_156' title='bbox 155 671 226 689; x_wconf 83' lang='lat' dir='ltr'>tempus</span> <span class='ocrx_word' id='word_1_157' title='bbox 238 666 256 684; x_wconf 88' lang='lat' dir='ltr'>in</span> <span class='ocrx_word' id='word_1_158' title='bbox 269 667 317 689; x_wconf 84' lang='lat' dir='ltr'>quod</span> <span class='ocrx_word' id='word_1_159' title='bbox 328 667 408 684; x_wconf 87' lang='lat' dir='ltr'>incidunt</span> <span class='ocrx_word' id='word_1_160' title='bbox 419 667 473 684; x_wconf 77' lang='lat' dir='ltr'>verba</span> <span class='ocrx_word' id='word_1_161' title='bbox 481 672 496 684; x_wconf 85' lang='lat' dir='ltr'>a.</span> <span class='ocrx_word' id='word_1_162' title='bbox 507 672 551 684; x_wconf 83' lang='lat' dir='ltr'>vers.</span> <span class='ocrx_word' id='word_1_163' title='bbox 562 667 595 689; x_wconf 82' lang='lat'>5¹7</span> <span class='ocrx_word' id='word_1_164' title='bbox 610 672 666 690; x_wconf 85' lang='lat' dir='ltr'>usque</span> 
     </span>
     <span class='ocr_line' id='line_1_23' title="bbox 102 695 666 718; baseline 0 -6"><span class='ocrx_word' id='word_1_165' title='bbox 102 695 130 712; x_wconf 88' lang='lat' dir='ltr'>ad.</span> <span class='ocrx_word' id='word_1_166' title='bbox 139 700 156 711; x_wconf 87' lang='lat' dir='ltr'>v.</span> <span class='ocrx_word' id='word_1_167' title='bbox 166 695 200 717; x_wconf 81' lang='lat'>519</span> <span class='ocrx_word' id='word_1_168' title='bbox 208 695 322 717; x_wconf 51' lang='lat' dir='ltr'>pertinentiam</span> <span class='ocrx_word' id='word_1_169' title='bbox 332 695 410 718; x_wconf 84' lang='lat' dir='ltr'>denique</span> <span class='ocrx_word' id='word_1_170' title='bbox 417 699 487 717; x_wconf 84' lang='lat' dir='ltr'>ternpus</span> <span class='ocrx_word' id='word_1_171' title='bbox 494 700 530 717; x_wconf 87' lang='lat' dir='ltr'>quo</span> <span class='ocrx_word' id='word_1_172' title='bbox 536 695 603 713; x_wconf 80' lang='lat' dir='ltr'>Tranio</span> <span class='ocrx_word' id='word_1_173' title='bbox 609 695 666 712; x_wconf 84' lang='lat' dir='ltr'>Theo-</span> 
     </span>
     <span class='ocr_line' id='line_1_24' title="bbox 103 723 667 746; baseline 0.002 -6"><span class='ocrx_word' id='word_1_174' title='bbox 103 723 196 746; x_wconf 83' lang='lat' dir='ltr'>propidem</span> <span class='ocrx_word' id='word_1_175' title='bbox 204 723 304 746; x_wconf 80' lang='lat' dir='ltr'>interrogat.</span> <span class='ocrx_word' id='word_1_176' title='bbox 314 725 373 746; x_wconf 81' lang='lat' dir='ltr'>Atque</span> <span class='ocrx_word' id='word_1_177' title='bbox 382 723 412 741; x_wconf 85' lang='lat' dir='ltr'>illa</span> <span class='ocrx_word' id='word_1_178' title='bbox 418 728 508 741; x_wconf 71' lang='lat' dir='ltr'>momenta</span> <span class='ocrx_word' id='word_1_179' title='bbox 517 729 559 741; x_wconf 88' lang='lat' dir='ltr'>cum</span> <span class='ocrx_word' id='word_1_180' title='bbox 568 724 622 741; x_wconf 84' lang='lat' dir='ltr'>ambo</span> <span class='ocrx_word' id='word_1_181' title='bbox 631 724 667 741; x_wconf 83' lang='lat' dir='ltr'>sint</span> 
     </span>
     <span class='ocr_line' id='line_1_25' title="bbox 102 748 666 775; baseline 0 -6"><span class='ocrx_word' id='word_1_182' title='bbox 102 752 202 775; x_wconf 81' lang='lat' dir='ltr'>praeterita,</span> <span class='ocrx_word' id='word_1_183' title='bbox 215 752 290 770; x_wconf 71' lang='lat' dir='ltr'>alterum</span> <span class='ocrx_word' id='word_1_184' title='bbox 303 752 353 770; x_wconf 85' lang='lat' dir='ltr'>alteri</span> <span class='ocrx_word' id='word_1_185' title='bbox 366 752 460 775; x_wconf 83' lang='lat' dir='ltr'>praecedit.</span> <span class='ocrx_word' id='word_1_186' title='bbox 477 748 531 770; x_wconf 75' lang='lat' dir='ltr'>Recte</span> <span class='ocrx_word' id='word_1_187' title='bbox 546 752 600 775; x_wconf 81' lang='lat' dir='ltr'>igitur</span> <span class='ocrx_word' id='word_1_188' title='bbox 611 752 666 775; x_wconf 83' lang='lat' dir='ltr'>priori</span> 
     </span>
     <span class='ocr_line' id='line_1_26' title="bbox 103 780 668 804; baseline 0.002 -7"><span class='ocrx_word' id='word_1_189' title='bbox 103 785 194 797; x_wconf 84' lang='lat' dir='ltr'>momento</span> <span class='ocrx_word' id='word_1_190' title='bbox 209 780 324 803; x_wconf 79' lang='lat' dir='ltr'>significando</span> <span class='ocrx_word' id='word_1_191' title='bbox 340 780 403 804; x_wconf 75' lang='lat' dir='ltr'>obtigit</span> <span class='ocrx_word' id='word_1_192' title='bbox 418 780 618 804; x_wconf 75' lang='lat' dir='ltr'>plusquamperfectum.</span> <span class='ocrx_word' id='word_1_193' title='bbox 634 781 668 798; x_wconf 78' lang='lat' dir='ltr'>At-</span> 
     </span>
     <span class='ocr_line' id='line_1_27' title="bbox 102 809 666 832; baseline 0 -6"><span class='ocrx_word' id='word_1_194' title='bbox 102 814 137 831; x_wconf 85' lang='lat' dir='ltr'>que</span> <span class='ocrx_word' id='word_1_195' title='bbox 161 809 195 826; x_wconf 82' lang='lat' dir='ltr'>hoc</span> <span class='ocrx_word' id='word_1_196' title='bbox 221 809 294 831; x_wconf 90' lang='lat' dir='ltr'>quidem</span> <span class='ocrx_word' id='word_1_197' title='bbox 319 810 357 827; x_wconf 83' lang='lat' dir='ltr'>loco</span> <span class='ocrx_word' id='word_1_198' title='bbox 384 815 489 832; x_wconf 81' lang='lat' dir='ltr'>quanquam</span> <span class='ocrx_word' id='word_1_199' title='bbox 514 809 612 832; x_wconf 80' lang='lat' dir='ltr'>perfectum</span> <span class='ocrx_word' id='word_1_200' title='bbox 639 809 666 826; x_wconf 90' lang='lat' dir='ltr'>vel</span> 
     </span>
     <span class='ocr_line' id='line_1_28' title="bbox 103 836 666 860; baseline 0 -6"><span class='ocrx_word' id='word_1_201' title='bbox 103 837 225 859; x_wconf 77' lang='lat' dir='ltr'>imperfectum</span> <span class='ocrx_word' id='word_1_202' title='bbox 249 837 271 854; x_wconf 77' lang='lat' dir='ltr'>ad</span> <span class='ocrx_word' id='word_1_203' title='bbox 293 838 342 860; x_wconf 88' lang='lat' dir='ltr'>quod</span> <span class='ocrx_word' id='word_1_204' title='bbox 365 837 451 854; x_wconf 80' lang='lat' dir='ltr'>referatur</span> <span class='ocrx_word' id='word_1_205' title='bbox 472 836 666 860; x_wconf 64' lang='lat' dir='ltr'>plusquamperfectum</span> 
     </span>
     <span class='ocr_line' id='line_1_29' title="bbox 103 866 666 888; baseline 0 -5"><span class='ocrx_word' id='word_1_206' title='bbox 103 871 138 883; x_wconf 87' lang='lat' dir='ltr'>non</span> <span class='ocrx_word' id='word_1_207' title='bbox 148 866 204 887; x_wconf 78' lang='lat' dir='ltr'>adest,</span> <span class='ocrx_word' id='word_1_208' title='bbox 216 870 275 883; x_wconf 83' lang='lat' dir='ltr'>tamen</span> <span class='ocrx_word' id='word_1_209' title='bbox 288 866 336 883; x_wconf 81' lang='lat' dir='ltr'>adest</span> <span class='ocrx_word' id='word_1_210' title='bbox 348 871 375 883; x_wconf 87' lang='lat' dir='ltr'>res</span> <span class='ocrx_word' id='word_1_211' title='bbox 388 870 428 883; x_wconf 81' lang='lat' dir='ltr'>ante</span> <span class='ocrx_word' id='word_1_212' title='bbox 439 871 494 888; x_wconf 75' lang='lat' dir='ltr'>quam</span> <span class='ocrx_word' id='word_1_213' title='bbox 507 871 552 888; x_wconf 74' lang='lat' dir='ltr'>quae</span> <span class='ocrx_word' id='word_1_214' title='bbox 564 866 666 888; x_wconf 78' lang='lat' dir='ltr'>plusquam-</span> 
     </span>
     <span class='ocr_line' id='line_1_30' title="bbox 102 894 666 917; baseline 0.002 -6"><span class='ocrx_word' id='word_1_215' title='bbox 102 894 178 917; x_wconf 85' lang='lat' dir='ltr'>perfecto</span> <span class='ocrx_word' id='word_1_216' title='bbox 193 894 307 912; x_wconf 82' lang='lat' dir='ltr'>continentur</span> <span class='ocrx_word' id='word_1_217' title='bbox 322 895 358 912; x_wconf 82' lang='lat' dir='ltr'>sint</span> <span class='ocrx_word' id='word_1_218' title='bbox 375 895 425 912; x_wconf 76' lang='lat' dir='ltr'>facta.</span> <span class='ocrx_word' id='word_1_219' title='bbox 444 894 499 912; x_wconf 81' lang='lat' dir='ltr'>Plane</span> <span class='ocrx_word' id='word_1_220' title='bbox 516 900 557 912; x_wconf 86' lang='lat' dir='ltr'>vero</span> <span class='ocrx_word' id='word_1_221' title='bbox 571 894 611 912; x_wconf 73' lang='lat' dir='ltr'>talis</span> <span class='ocrx_word' id='word_1_222' title='bbox 627 895 666 912; x_wconf 80' lang='lat' dir='ltr'>sub-</span> 
     </span>
     <span class='ocr_line' id='line_1_31' title="bbox 103 922 667 946; baseline 0 -6"><span class='ocrx_word' id='word_1_223' title='bbox 103 922 219 946; x_wconf 73' lang='lat' dir='ltr'>intellegenda</span> <span class='ocrx_word' id='word_1_224' title='bbox 240 927 266 940; x_wconf 85' lang='lat' dir='ltr'>est</span> <span class='ocrx_word' id='word_1_225' title='bbox 287 923 333 940; x_wconf 81' lang='lat' dir='ltr'>actio</span> <span class='ocrx_word' id='word_1_226' title='bbox 353 923 401 940; x_wconf 90' lang='lat' dir='ltr'>Mil.</span> <span class='ocrx_word' id='word_1_227' title='bbox 420 923 478 946; x_wconf 81' lang='lat' dir='ltr'>glor.</span> <span class='ocrx_word' id='word_1_228' title='bbox 500 922 554 944; x_wconf 80' lang='lat'>1346:</span> <span class='ocrx_word' id='word_1_229' title='bbox 575 923 601 939; x_wconf 81' lang='lat' dir='ltr'>P:</span> <span class='ocrx_word' id='word_1_230' title='bbox 618 922 667 945; x_wconf 76' lang='lat' dir='ltr'>Quid</span> 
     </span>
     <span class='ocr_line' id='line_1_32' title="bbox 103 950 678 974; baseline 0 -6"><span class='ocrx_word' id='word_1_231' title='bbox 103 951 149 968; x_wconf 79' lang='lat' dir='ltr'>istuc</span> <span class='ocrx_word' id='word_1_232' title='bbox 163 954 189 968; x_wconf 77' lang='lat' dir='ltr'>est</span> <span class='ocrx_word' id='word_1_233' title='bbox 201 950 288 974; x_wconf 79' lang='lat' dir='ltr'>negotii?</span> <span class='ocrx_word' id='word_1_234' title='bbox 306 952 333 968; x_wconf 88' lang='lat' dir='ltr'>P:</span> <span class='ocrx_word' id='word_1_235' title='bbox 348 951 425 969; x_wconf 73' lang='lat' dir='ltr'>Animus</span> <span class='ocrx_word' id='word_1_236' title='bbox 441 951 485 968; x_wconf 82' lang='lat' dir='ltr'>hanc</span> <span class='ocrx_word' id='word_1_237' title='bbox 497 951 548 968; x_wconf 86' lang='lat' dir='ltr'>modo</span> <span class='ocrx_word' id='word_1_238' title='bbox 560 951 665 974; x_wconf 72' lang='lat' dir='ltr'>reliquerat.</span> <span class='ocrx_word' id='word_1_239' title='bbox 675 969 678 973; x_wconf 58' lang='lat'>,</span> 
     </span>
     <span class='ocr_line' id='line_1_33' title="bbox 103 979 667 1003; baseline 0.002 -7"><span class='ocrx_word' id='word_1_240' title='bbox 103 979 135 997; x_wconf 84' lang='lat' dir='ltr'>Est</span> <span class='ocrx_word' id='word_1_241' title='bbox 155 979 203 996; x_wconf 88' lang='lat' dir='ltr'>enim</span> <span class='ocrx_word' id='word_1_242' title='bbox 227 979 251 996; x_wconf 83' lang='lat' dir='ltr'>sic</span> <span class='ocrx_word' id='word_1_243' title='bbox 271 979 430 1002; x_wconf 68' lang='lat' dir='ltr'>interpretandum,</span> <span class='ocrx_word' id='word_1_244' title='bbox 452 979 557 1002; x_wconf 82' lang='lat' dir='ltr'>priusquam</span> <span class='ocrx_word' id='word_1_245' title='bbox 576 979 667 1003; x_wconf 84' lang='lat' dir='ltr'>Pyrgopo·</span> 
     </span>
     <span class='ocr_line' id='line_1_34' title="bbox 103 1007 667 1031; baseline 0 -6"><span class='ocrx_word' id='word_1_246' title='bbox 103 1007 164 1025; x_wconf 84' lang='lat' dir='ltr'>linices</span> <span class='ocrx_word' id='word_1_247' title='bbox 172 1007 306 1031; x_wconf 75' lang='lat' dir='ltr'>interrogaverit</span> <span class='ocrx_word' id='word_1_248' title='bbox 313 1008 357 1031; x_wconf 88' lang='lat' dir='ltr'>quid</span> <span class='ocrx_word' id='word_1_249' title='bbox 366 1012 411 1026; x_wconf 80' lang='lat' dir='ltr'>esset</span> <span class='ocrx_word' id='word_1_250' title='bbox 421 1008 494 1031; x_wconf 74' lang='lat' dir='ltr'>negotii,</span> <span class='ocrx_word' id='word_1_251' title='bbox 508 1008 542 1025; x_wconf 81' lang='lat' dir='ltr'>iam</span> <span class='ocrx_word' id='word_1_252' title='bbox 556 1008 667 1026; x_wconf 78' lang='lat' dir='ltr'>Philocoma-</span> 
     </span>
     <span class='ocr_line' id='line_1_35' title="bbox 103 1036 666 1059; baseline 0.002 -6"><span class='ocrx_word' id='word_1_253' title='bbox 103 1036 143 1053; x_wconf 83' lang='lat' dir='ltr'>sion</span> <span class='ocrx_word' id='word_1_254' title='bbox 161 1036 267 1059; x_wconf 84' lang='lat' dir='ltr'>resipivisse.</span> <span class='ocrx_word' id='word_1_255' title='bbox 291 1037 353 1059; x_wconf 80' lang='lat' dir='ltr'>ltaque</span> <span class='ocrx_word' id='word_1_256' title='bbox 367 1036 542 1059; x_wconf 74' lang='lat' dir='ltr'>plusquamperfecto</span> <span class='ocrx_word' id='word_1_257' title='bbox 558 1036 666 1059; x_wconf 63' lang='lat' dir='ltr'>‚oeliquerw</span> 
     </span>
    </p>
   </div>
  </div>
 </body>
</html>
